2640 4566
392 197 672 293 Exeat—eta
706 207 957 312 Larrnni
1188 235 1213 315 9

127 360 267 437 videtur
290 360 384 434 locos
400 361 597 437 modulandi
623 358 779 434 sermonis
804 358 891 432 intra
916 356 1066 454 diapente.
1118 356 1214 428 Nam

125 483 206 560 quae
240 459 373 534 vocales
401 459 528 534 sonora
563 459 671 555 supra,
703 482 781 556 quae
808 458 917 534 minus
946 456 1099 529 sonantes
1128 452 1213 526 infra

125 576 311 732 ponentur.
363 556 446 637 Hoc
473 559 565 632 idem
599 557 636 634 dt
666 558 710 630 de
737 554 994 634 consonantibus
1024 551 1212 651 intelligen-

151 680 225 732 um.
676 679 679 682 ·

175 755 218 827 In
242 752 371 839 latinis
383 753 489 828 etiam
517 778 591 826 eam
609 751 876 826 modulationem
893 746 1138 823 consideremus
1153 772 1211 827 exv

105 850 256 949 <emplis
307 853 490 927 Terentius
516 852 551 924 in
579 849 724 935 Andria,
764 851 851 944 June
880 848 1004 925 Laena
1025 847 1086 943 fer
1112 856 1209 942 opem)

111 949 278 1044 streame
294 950 423 1042 ebsecro.
750 997 751 1001 =

172 1046 238 1120 Ista
269 1048 429 1121 dialcetus
459 1046 547 1122 intra
580 1047 723 1143 diapente
760 1071 827 1145 non
862 1045 1075 1135 continetur:
1133 1043 1210 1142 quia

123 1169 195 1218 vox
226 1144 401 1219 clamantis
423 1138 546 1243 ¹potitis
583 1145 785 1218 mulierculae
814 1143 873 1232 est,
903 1154 1006 1243 quam
1042 1142 1208 1231 dicentis:

125 1242 230 1318 babet
250 1248 363 1317 mmai
387 1258 488 1318 tonos
509 1243 595 1317 suos.
647 1243 818 1341 Imprimis
843 1255 909 1315 tres
933 1243 1058 1341 priores
1079 1238 1210 1335 syllabae

90 1340 166 1433 ‚in
192 1342 335 1415 unitono
359 1341 598 1441 proferuntur:
644 1340 803 1438 quoniam
841 1364 960 1412 omnes
985 1338 1060 1427 sunt
1084 1338 1232 1436 longae,

122 1463 187 1513 nec
233 1439 341 1536 prima
382 1442 545 1527 elevatur,
594 1439 673 1536 quia
700 1439 748 1512 est
779 1437 885 1511 oratio
917 1441 1033 1512 erecta.
1088 1436 1207 1513 Media

68 1571 71 1576 ·
122 1534 329 1611 indictione
359 1539 487 1610 Lucina
521 1535 624 1635 usque
655 1537 700 1609 ad
718 1536 882 1635 'quintam
910 1535 1082 1609 elevatur:
1123 1560 1207 1634 quo·

87 1708 90 1716 ,
122 1634 216 1707 niam
250 1661 321 1707 vox
346 1634 553 1734 implorantis
576 1636 637 1718 esi,
677 1650 752 1711 tum
776 1634 856 1734 quia
887 1651 1002 1706 natura
1028 1650 1206 1711 accentum

120 1732 377 1806 circumflexum
405 1736 519 1808 habet·
565 1733 713 1819 Ultima·
728 1731 924 1830 deprimitur
957 1732 1091 1816 duobus
1118 1734 1206 1806 tonis

121 1829 159 1903 δι
174 1830 369 1905 semitoniot
416 1831 577 1931 quoniam
594 1829 641 1904 est
658 1831 766 1904 brevis
781 1849 909 1917 natura,
945 1829 1073 1927 longior
1090 1845 1206 1916 tamen

120 1951 224 2027 quam
249 1946 316 2002 tres
342 1929 408 2002 illae
440 1929 573 2028 syllabae
603 1928 751 2029 priorett
799 1929 877 2003 ideo
904 1924 1050 2026 superior
1062 1927 1127 2001 erit
1143 1928 1205 2002 illis
1295 1990 1298 1997 .

120 2032 226 2100 tono.'
267 2027 328 2101 illa
350 2027 474 2102 deinde
501 2027 605 2101 diaeo
633 2027 709 2112 Fer,
738 2043 821 2098 tono
849 2025 984 2102 inferior
1011 2024 1060 2099 est
1086 2026 1204 2122 primis

119 2126 225 2198 tribus
261 2125 402 2220 syllabis,
442 2144 548 2223 arque
578 2123 779 2221 deprimitur
820 2142 905 2201 tono
946 2122 1006 2198 sub
1037 2122 1203 2216 diapente:
1290 2155 1293 2164 ·

118 2221 208 2319 quia,
235 2238 274 2294 ut
299 2222 383 2302 dixi,
415 2223 523 2320 magis
560 2222 687 2295 clamor
706 2219 765 2308 est,
792 2242 903 2319 quam.
920 2219 1040 2307 sermo,
1066 2222 1203 2295 mulier÷

116 2324 190 2416 que
209 2321 311 2416 quim
334 2320 477 2394 maxime
499 2320 608 2419 potest
631 2317 788 2405 intendit,
815 2319 853 2390 &
882 2320 1023 2392 remittit
1055 2333 1202 2396 vocem:

118 2416 328 2514 deprimitur·
346 2421 475 2492 'autem
497 2419 582 2491 adeo
614 2415 769 2514 graviter,
817 2416 909 2514 quod
943 2440 1051 2516 neque
1083 2416 1201 2505 conso-
1263 2453 1266 2459 ·
1310 2434 1313 2440 ’

118 2533 247 2601 nantes,
289 2541 397 2613 neque
438 2517 592 2589 vocalem
638 2512 829 2612 generosam
876 2513 989 2591 habet.
1049 2513 1203 2614 Assurgit

90 2626 201 2699 ¹tono
233 2613 385 2686 dinionis
426 2613 534 2714 prima
570 2610 715 2709 syllaba,
741 2611 852 2708 Opem,
895 2637 998 2710 quam
1039 2613 1202 2712 *posterior
1248 2642 1251 2659 ·

115 2714 201 2782 tono
237 2709 392 2809 superat:
439 2712 595 2810 quoniam
628 2711 659 2783 O
692 2711 814 2784 vocalis
848 2711 1004 2806 generosa
1034 2711 1094 2799 est,
1143 2712 1201 2785 sed

116 2804 241 2903 syllaba
262 2826 334 2900 pem
360 2810 500 2908 longior.
550 2810 659 2884 Porro
690 2824 756 2880 tres
790 2806 933 2904 syllabae'
952 2807 1122 2906 sequentes
1153 2810 1201 2882 se-

115 2905 247 2977 mitono
274 2906 455 2980 ascendunt
486 2908 606 3005 supra:
656 2904 793 3005 insurgit
822 2907 926 2992 enim,
968 2908 1004 2977 δι
1038 2906 1200 2980 mollescit

114 2999 211 3075 simul
238 3004 353 3077 oratio.
401 3004 535 3078 Ultima
555 3003 660 3078 dietio
690 3003 835 3103 Obsecro,
869 3001 1027 3099 deprimit
1054 3003 1200 3100 prima'm

114 3096 274 3194 syllabam
305 3100 482 3185 semitono,
534 3104 673 3174 alteram
710 3099 873 3174 semitono
907 3101 1029 3171 eodem
1041 3124 1051 3179 ·,
1071 3101 1196 3186 elevat,

113 3197 246 3271 tertiam
279 3199 441 3271 semitono
470 3200 508 3273 δι
535 3218 616 3271 tono
640 3198 821 3295 deprimit:
864 3199 1039 3294 quoniam,
1061 3215 1099 3272 ut
1114 3199 1197 3286 dixi,

113 3293 298 3367 obsecratio
326 3297 525 3394 penultimas
542 3297 677 3378 attollit,
702 3296 761 3368 etsr
778 3298 900 3368 breves
920 3297 1004 3370 stat:
1038 3296 1127 3368 unde
1143 3320 1198 3373 ca·

110 3390 231 3466 talexis
255 3393 342 3466 illius
365 3395 522 3467 convenit
550 3421 629 3467 cum
657 3393 829 3493 principio
910 3410 912 3414 '
1209 3392 1217 3403 ’

163 3489 253 3563 Illud
276 3493 391 3578 etiam,
420 3491 502 3586 (cic.
530 3490 563 3564 in
582 3493 738 3576 Oratore,
764 3517 836 3588 cap.
858 3496 932 3586 49.)
958 3492 1098 3566 Aurates
1112 3493 1196 3569 eries

112 3584 310 3674 Colcherem,
338 3591 553 3687 magnificum
583 3589 867 3670 &venerandum
884 3589 953 3670 est·,
978 3589 1069 3686 quod
1087 3588 1194 3660 diato-

90 3746 93 3754 .
111 3684 188 3758 nico
202 3710 324 3783 genere
340 3688 516 3761 clausulam
531 3687 691 3782 ‚complet
743 3686 878 3767 Horatii
900 3687 1000 3774 illud,

211 3786 385 3872 Macareus,
407 3789 519 3858 atavis
535 3783 613 3857 edite
631 3786 784 3879 regibus:

111 3905 201 3957 nune
232 3897 327 3969 tono,
358 3908 447 3959 nunc
465 3882 677 3973 semiditono,
708 3907 799 3979 nune
813 3881 957 3970 ditono,
975 3880 1203 3983 progreditur

110 3970 202 4061 Illud
218 3993 389 4077 praeter'ea,

264 4133 267 4138 «
803 4078 841 4155 Τ
866 4101 886 4174 3
1093 4077 1198 4172 Lydi
1299 4158 1301 4165 ,
