2640 4566
178 144 268 247 ‘1402'
381 164 384 169 ·
441 141 1001 252 smomsssrncovrzr

176 333 182 341 ’
233 294 304 370 Nec
319 307 441 365 tantam
455 295 603 388 Rhodope
629 290 670 365 ssi
686 293 822 390 Ismarus
839 295 1010 388 Orphea:
1082 326 1100 341 -·

185 392 378 477 mmmm,
1164 413 1263 478 ··,

237 490 314 562 Tum
329 491 444 561 durare
452 491 565 585 salum,
590 489 632 564 δεῖ
654 488 818 584 dascludarr
833 489 941 562 Nerea
954 505 1050 586 panto
1117 530 1124 541 -
1157 534 1178 541 --
1211 537 1215 544 -

236 590 289 659 Ca
312 594 399 660 erit:
823 617 829 628 ·

180 611 573 785 -resertpAsclepiadeum,

237 786 316 857 Tum
331 785 447 857 durare
453 787 565 880 salum,
590 786 632 861 ὅ
648 783 769 857 cludere
785 785 894 860 Nerea

237 885 338 956 Panto
353 890 489 978 caperit.

187 998 222 1054 et
238 981 356 1079 Eclog.
374 1008 410 1080 9,
436 990 471 1068 yl.
492 1008 553 1078 53.-

181 1122 189 1129 ··
237 1081 333 1155 Nunc
349 1081 443 1152 oblita
458 1084 536 1153 mihi
551 1096 597 1153 tot
612 1082 775 1152 carmina:
799 1103 862 1151 vax
878 1100 988 1176 quaque
1000 1080 1124 1153 Maerin

237 1179 309 1271 Ipsa
325 1179 444 1275 fugit:

188 1274 247 1348 fiet
263 1275 534 1375 Asclepiadeum.

236 1376 334 1465 Nunc
348 1376 443 1445 oblita
458 1379 538 1448 mihi
551 1379 717 1448 carmina:
757 1398 821 1448 vax
836 1396 950 1472 quaque

235 1475 361 1546 Maerin
377 1474 443 1567 ipsa
451 1477 556 1572 sugit.

237 1570 287 1642 Et
313 1569 488 1644 innumera
512 1571 671 1673 ejusmodi
686 1570 748 1644 alia
775 1568 1020 1668 quisinveniet
1043 1568 1135 1666 apud
1154 1568 1266 1641 Maro-

188 1691 282 1750 nem,
307 1693 383 1766 quae
398 1689 466 1742 non
483 1670 550 1742 fine
567 1667 695 1743 summl
711 1669 884 1750 industrii,
901 1684 1001 1765 atque
1016 1666 1203 1740 incredibili
1216 1690 1265 1739 ar·

188 1765 289 1838 tificio
305 1769 467 1840 elaborata
483 1768 567 1840 sunt.
619 1769 685 1839 Sed
718 1792 786 1839 non
810 1766 887 1839 licet
919 1767 1086 1864 praeterire
1103 1764 1266 1861 Eclogam

127 1860 130 1869 '
189 1863 294 1950 illam,
313 1888 387 1961 quae
405 1866 514 1937 Gallus
528 1864 731 1946 inscribitur;
765 1889 851 1961 quae,
869 1865 947 1960 quia
961 1863 1190 1958 lacrymabiles
1207 1863 1266 1938 ele·

187 1963 425 2131 gosscontipet,
449 1962 517 2062 ipsa
532 1986 667 2062 quoque
682 1965 828 2037 carmina
843 1961 985 2059 elegiaca
1007 1961 1072 2034 esse
1097 1960 1261 2045 videntur.

189 2085 232 2130 en
265 2085 348 2131 ecun
375 2087 432 2133 um
450 2087 596 2147 carmen,

240 2157 351 2229 Pauca
370 2184 433 2232 mea
449 2160 551 2248 Galla,
577 2181 642 2254 qua
656 2159 737 2255 legat
752 2160 819 2252 ipsa
834 2159 1023 2255 Lyca-ris.
1073 2155 1136 2244 Et,

237 2254 392 2345 Naiadas,
416 2258 540 2352 indigna
556 2260 623 2330 ciam
640 2258 749 2330 Gallus
765 2280 869 2328 amare
881 2259 1023 2350 periret:

178 2352 290 2452 abjice
311 2355 393 2439 calm,
422 2356 460 2427 δε
477 2356 631 2429 ultimam
646 2355 816 2452 syllabam,
848 2356 910 2426 erit
938 2367 1175 2451 pentameter3

235 2451 392 2542 Naiadas,
418 2453 539 2550 indigno
557 2453 666 2526 Gallus
680 2476 784 2525 amare
793 2456 894 2546 perit.

174 2550 253 2623 ·hoc
285 2576 419 2624 carmen
444 2552 468 2623 s1
494 2552 751 2650 conjungeretur
770 2575 850 2623 cum
879 2548 1035 2647 superiori
1058 2548 1261 2635 hexametro,

187 2648 290 2749 quim
308 2650 426 2722 miram
443 2648 637 2721 suavitatem
654 2648 801 2723 faceret?
851 2648 902 2720 Sic
918 2649 954 2728 δε
970 2648 1004 2719 in
1021 2647 1081 2718 illo
1098 2642 1209 2729 versu,

219 2747 362 2832 Omnes,
377 2747 455 2817 unde
469 2772 559 2819 amor
572 2748 640 2838 ista,
657 2761 783 2841 rogant,
803 2747 893 2820 tibi?
915 2748 1002 2816 venit
1015 2743 1151 2855 Apollo:

185 2843 288 2943 abjice
304 2844 446 2941 primam
464 2845 605 2930 literam,
626 2843 663 2914 δε
680 2843 781 2917 verba
796 2842 985 2941 transpone,
1011 2859 1073 2915 errt
1094 2855 1260 2940 pentame-

186 2958 237 3015 ter
250 2972 270 3025 3.

233 3032 320 3112 Unde
335 3065 424 3112 amar
437 3043 503 3134 ista,
532 3058 657 3138 rogant,
674 3042 783 3122 uenit,
803 3036 926 3132 Apollo,
944 3037 1013 3110 tili.

185 3137 227 3208 fic
252 3163 294 3210 ex
318 3163 359 3209 eo
382 3141 492 3224 versu,

235 3236 342 3321 Vestra
358 3260 438 3307 meas
456 3236 563 3327 olimst
570 3235 676 3325 fistula
692 3235 776 3306 dicat
796 3257 939 3307 amores:

184 3333 285 3432 abjice
296 3334 339 3424 fi,
369 3335 405 3405 &
421 3333 574 3407 ultimam
591 3333 764 3428 syllabam,
797 3335 860 3405 erit
875 3345 1096 3429 pentameter.
1146 3326 1260 3403 Simili·

184 3450 233 3505 ter
250 3457 358 3518 exeo,
449 3485 452 3490 .
1265 3454 1270 3461 ·

192 3536 205 3602 .'
235 3530 300 3601 Hic
315 3528 413 3625 gelidi
422 3529 532 3623 fantes
554 3555 564 3595 .-
600 3527 653 3599 laic
669 3528 773 3599 mallia
785 3542 896 3622 prata,
916 3529 1052 3620 Lycoris

181 3628 282 3725 abjice
305 3631 446 3699 alterum
475 3628 526 3698 hic
558 3652 635 3698 curn
666 3625 783 3698 ultima
813 3623 960 3720 syllabi:
1003 3624 1114 3713 sensus
1130 3623 1262 3723 quidem

181 3727 407 3823 pervertitur,
424 3742 481 3797 aut
513 3725 624 3797 nullus
652 3722 762 3806 ‚erit3'
790 3724 846 3796 sed
873 3744 936 3795 nos
963 3748 1163 3810 numerum,
1197 3747 1263 3794 non

180 3823 307 3894 sensum
333 3824 523 3920 quaerimus,
550 3825 634 3894 dum
650 3847 705 3914 ,ex
722 3822 917 3895 hexametro
939 3837 1193 3918 pentametrum
1208 3820 1263 3892 eli·

179 3946 250 3992 cere
270 3923 440 3993 volumus.
490 3921 576 3994 Sunt
599 3943 680 4016 ergo
712 3918 745 3993 in
777 3918 840 3995 hac
866 3917 984 3993 ultimi
1011 3916 1145 4019 Eclogal
1183 3916 1263 3992 mul·

375 4046 389 4093 1
593 4088 596 4093 .
1216 4033 1260 4101 ta,
