2640 4566
248 194 321 274 Dr
356 195 700 279 bxxucxuxa
734 202 1074 285 Oxnnronrs.
1123 233 1206 314 109

127 344 276 426 lubjesil,
317 345 417 427 unde,
461 350 594 434 exempli
632 352 738 436 gratis,
773 352 873 425 inxit
911 351 1076 418 conflatum
1110 353 1210 440 habes,

124 444 241 531 longior
269 445 329 511 fine
351 447 444 513 dubio
463 447 592 531 dicatur,
618 453 707 537 qulm
731 449 780 515 illa
813 451 901 534 prior,
936 469 1003 535 quae
1027 455 1113 520 unici
1135 473 1212 520 eon·

123 546 220 616 stabat
248 550 337 617 litera.
393 551 477 631 'Quae
498 553 590 618 rursus
618 556 775 634 diminuta,
811 553 940 639 demptis
979 554 1122 641 sigillatim
1148 575 1216 644 quae

123 648 247 734 adjeoae
282 653 404 732 fuerant,
436 654 533 735 literis,
569 660 810 740 permutationes,
844 657 933 739 priori
974 674 1120 746 quamque
1146 661 1213 727 bre·

123 758 271 853 vioretn,
303 760 385 849 sensu
427 759 523 828 etiam'
556 775 590 827 ut
639 761 746 846 poffint
789 763 911 848 percipi,
954 760 1085 830 habebit.
1127 764 1213 844 Quid

124 871 199 934 verb
229 864 324 934 causae
366 867 411 952 fir,
457 886 511 933 cur
540 887 636 954 neque
667 867 766 955 longae
801 884 932 935 naturam
985 866 1065 935 suam
1120 891 1209 938 exce-

122 970 207 1052 dant,
240 971 352 1038 etiamst
381 972 416 1038 ad
437 971 542 1057 septem
569 973 659 1057 usque
687 971 782 1038 literas
813 972 1015 1058 extendantur,
1057 995 1114 1041 nec
1136 977 1209 1041 bre·

121 1072 186 1165 ves,
218 1078 251 1142 in
289 1100 375 1142 unam
405 1076 474 1142 licet
505 1078 522 1141 i
558 1077 688 1160 pluribus
708 1076 797 1142 literis
829 1078 1049 1161 contrahantur,
1076 1076 1138 1146 ,sua
1155 1099 1208 1145 ex·
1306 1108 1314 1120 -

121 1183 224 1250 cidant
247 1182 414 1247 brevitate:
454 1178 560 1246 vestim
596 1180 656 1244 illae
682 1178 791 1264 duplici
815 1181 931 1264 ⁴ratione
966 1181 1100 1246 brevium
1131 1202 1207 1247 oon-

120 1289 294 1381 fidepentur,
329 1285 376 1351 hae
407 1284 528 1350 dimidia
557 1284 723 1370 longarum,
760 1305 822 1349 non
853 1285 968 1350 necesse
999 1285 1042 1350 est
1076 1288 1107 1351 in
1128 1307 1206 1373 prae-

120 1393 195 1459 senti
242 1409 366 1457 examen
406 1387 568 1455 instituere.
611 1387 697 1453 Nam
733 1387 850 1473 sufficit,
891 1388 971 1476 quod
1013 1389 1096 1471 hujus
1136 1391 1203 1478 qui.

119 1492 192 1561 dem
214 1493 354 1578 temporis
384 1491 427 1555 eli
462 1488 711 1575 atque'instituti‚
756 1488 883 1572 dixiffe,
924 1492 960 1556 &
981 1491 1101 1558 brevem
1123 1490 1206 1578 sylla·⁴
1295 1513 1300 1522 ·

118 1602 192 1667 batn
212 1606 230 1666 a
250 1597 347 1682 brevi,
367 1598 403 1663 &
426 1595 443 1659 i
468 1596 555 1680 longi
577 1593 694 1661 differre
707 1596 852 1681 longam
875 1615 971 1684 neque
991 1616 1114 1663 omnem
1136 1599 1205 1664 bre·

116 1725 201 1786 vem,
235 1717 286 1770 sut
316 1718 442 1765 omnem
477 1699 607 1784 longam,
649 1718 705 1765 nec
725 1699 910 1766 itt-oratione
930 1699 1030 1784 soluta,
1071 1719 1131 1767 uec
1162 1701 1201 1767 li·

115 1815 195 1898 gati,
231 1810 280 1874 seu
312 1807 469 1871 heroicum
504 1805 534 1869 id
566 1806 653 1870 fuerit
685 1823 817 1890 carmen,
851 1804 900 1870 seu
935 1805 1077 1872 melicum
1096 1827 1203 1874 nume·

116 1921 156 1984 ris
176 1915 378 1999 conscriptum
405 1927 458 1976 aut
473 1911 603 2010 metris,
641 1913 764 1977 eandem
795 1913 922 1976 omnmo
946 1911 1054 1977 habere
1071 1912 1202 1997 potestas

117 2043 194 2092 tem.
994 2091 1001 2102 ,

157 2125 240 2193 Haec
272 2127 368 2210 itaque
401 2123 497 2208 prima
526 2119 569 2184 est
597 2140 701 2185 eorum
732 2141 799 2208 quae
830 2120 942 2206 syllabis
969 2118 1108 2189 accidunt
1142 2124 1204 2189 dis-·

113 2233 244 2322 quilitio,
280 2229 371 2292 altera
410 2229 484 2290 verb
520 2224 694 2303 hujusmodi.
738 2224 822 2293 Ciam
854 2227 943 2290 varias
973 2227 1101 2293 babeant
1131 2227 1199 2294 lite·

115 2359 157 2404 rae
185 2332 374 2410 differentias,
416 2349 478 2394 non
515 2328 619 2415 solum
641 2346 759 2413 propter
790 2327 1006 2413 longitudinem
1040 2332 1076 2396 &
1097 2331 1197 2397 brevi·

114 2458 222 2521 tatem,
259 2437 306 2503 sed
328 2437 417 2500 etiam
440 2435 537 2517 sonos,
564 2432 601 2495 de
630 2433 737 2518 quibus
777 2431 866 2516 paulo
898 2433 1024 2517 superius
1049 2433 1197 2508 diximns3

112 2542 179 2611 fieri
206 2562 270 2607 non
295 2538 401 2625 potest,
423 2539 493 2624 quin
523 2534 595 2620 illae,
613 2556 680 2622 quae
707 2555 744 2600 ex
771 2536 804 2599 iis
828 2533 966 2602 constant
988 2536 1019 2602 da
1041 2537 1198 2622 implicant

112 2635 163 2717 iur
198 2646 324 2733 syllabas,
351 2661 412 2708 tarn
447 2640 602 2727 propriam
618 2639 790 2726 singularum
820 2643 910 2727 quim
937 2645 1074 2708 onmium
1108 2662 1194 2713 cotn-

110 2772 238 2829 munem
260 2753 321 2818 vim
353 2751 388 2815 δι
409 2745 581 2834 potestatem
613 2746 799 2830 conservent,
839 2766 905 2833 quae
926 2767 1026 2813 earum
1046 2750 1124 2815 varia
1154 2770 1193 2818 ett

110 2849 339 2925 admistione&
361 2855 414 2918 litu
435 2851 580 2917 nascitur:
623 2871 661 2917 ex
690 2852 794 2939 quibus
824 2853 982 2920 molles&
1003 2852 1083 2920 durae
1104 2878 1195 2925 voces

111 2967 269 3039 oriuntur;
316 2961 395 3026 leves
414 3008 418 3013 -
436 2977 523 3044 atque
563 2959 678 3041 asperae,
717 2978 784 3042 quae
815 2957 893 3023 suavi
929 2958 1077 3044 voluptate
1111 2982 1193 3030 autes

112 3068 296 3152 perfundant,
340 3063 442 3147 iisdem
483 3064 573 3126 etiam
617 3080 683 3146 quae
724 3061 779 3125 stnt
820 3062 998 3146 peracerbae,
1027 3083 1094 3148 quae
1113 3087 1191 3135 con·

114 3169 251 3258 stringant
278 3190 313 3236 ac
335 3164 513 3246 diffirndmt,
557 3168 592 3232 δε
634 3164 728 3228 nullos
767 3183 829 3228 nnn
872 3161 995 3232 affcsius
1033 3171 1191 3251 naturales,

115 3274 301 3362 quiquidem
322 3269 443 3338 infinitas
463 3270 526 3335 sunt
547 3268 751 3353 multitudinis,
770 3267 897 3335 eliciant.

1130 3435 1192 3506 Hb

120 3657 161 3733 qui
172 3676 298 3718 numerus
311 3656 348 3715 est
364 3657 514 3724 literarum,
542 3652 631 3732 iqui·
711 3659 734 3693 ¹⁸
759 3653 840 3714 'Illas
862 3652 987 3731 laisan]
1019 3653 1115 3714 Simile
1140 3658 1187 3729 eli,

121 3733 161 3792 bus
172 3737 430 3801 Enniivocabulum
453 3735 564 3793 constat.
666 3733 741 3809 quod
763 3736 852 3811 priore
870 3735 939 3792 seo„
973 3733 1052 3802 dixit,
1092 3734 1187 3812 Cvnp-
1313 3789 1315 3793 ,

155 3822 178 3856 ¹⁰
190 3815 271 3895 nupsi
282 3815 320 3874 sai
329 3813 428 3890 patiam]
460 3813 551 3871 Mutat
563 3832 629 3890 prae·
666 3811 792 3890 Sappinati
808 3811 942 3886 diodone,
964 3817 990 3894 tp*
1015 3811 1083 3871 idias
1106 3817 1185 3888 ousiis

122 3891 269 3966 politionem
277 3893 367 3952 ·c01b.
394 3897 421 3952 dt
442 3891 503 3970 orgi
516 3889 628 3953 exhibet
665 3889 843 3977 aapsstirlun

122 3980 173 4033 tum
184 3969 239 4046 bic,
263 3985 323 4042 tum
337 3971 458 4051 sequenti
471 3968 559 4032 versu.

1001 4078 1005 4083 -
1028 4047 1185 4132 tursum.)
