<?xml version="1.0" encoding="UTF-8"?>
<!DOCTYPE html PUBLIC "-//W3C//DTD XHTML 1.0 Transitional//EN"
    "http://www.w3.org/TR/xhtml1/DTD/xhtml1-transitional.dtd">
<html xmlns="http://www.w3.org/1999/xhtml" xml:lang="en" lang="en">
 <head>
  <title>
</title>
<meta http-equiv="Content-Type" content="text/html;charset=utf-8" />
  <meta name='ocr-system' content='tesseract 3.04.00' />
  <meta name='ocr-capabilities' content='ocr_page ocr_carea ocr_par ocr_line ocrx_word'/>
</head>
<body>
  <div class='ocr_page' id='page_1' title='image "./dionysiouhalika00bircgoog_0297.png"; bbox 0 0 2640 4566; ppageno 0'>
   <div class='ocr_carea' id='block_1_1' title="bbox 68 162 1201 415">
    <p class='ocr_par' dir='ltr' id='par_1_1' title="bbox 68 162 1201 415">
     <span class='ocr_line' id='line_1_1' title="bbox 68 162 933 263; baseline -0.007 -14"><span class='ocrx_word' id='word_1_1' title='bbox 68 253 72 263; x_wconf 71' lang='grc'>,</span> <span class='ocrx_word' id='word_1_2' title='bbox 120 162 148 248; x_wconf 75' lang='lat'>8</span> <span class='ocrx_word' id='word_1_3' title='bbox 385 164 625 255; x_wconf 70' lang='lat' dir='ltr'>bruonis</span> <span class='ocrx_word' id='word_1_4' title='bbox 658 163 933 243; x_wconf 79' lang='lat' dir='ltr'>Brncovrt</span> 
     </span>
     <span class='ocr_line' id='line_1_2' title="bbox 118 308 1201 415; baseline -0.006 -25"><span class='ocrx_word' id='word_1_5' title='bbox 118 325 313 402; x_wconf 77' lang='lat' dir='ltr'>commota,</span> <span class='ocrx_word' id='word_1_6' title='bbox 339 315 499 415; x_wconf 86' lang='lat' dir='ltr'>religiosa,</span> <span class='ocrx_word' id='word_1_7' title='bbox 532 313 762 402; x_wconf 78' lang='lat' dir='ltr'>lamentabilis,</span> <span class='ocrx_word' id='word_1_8' title='bbox 796 317 900 399; x_wconf 86' lang='lat' dir='ltr'>varia,</span> <span class='ocrx_word' id='word_1_9' title='bbox 936 309 1038 398; x_wconf 80' lang='lat' dir='ltr'>flexa,</span> <span class='ocrx_word' id='word_1_10' title='bbox 1074 308 1201 405; x_wconf 75' lang='lat' dir='ltr'>flebilis,</span> 
     </span>
    </p>
   </div>
   <div class='ocr_carea' id='block_1_2' title="bbox 32 402 1209 4109">
    <p class='ocr_par' dir='ltr' id='par_1_2' title="bbox 120 402 1202 781">
     <span class='ocr_line' id='line_1_3' title="bbox 121 402 1202 510; baseline -0.001 -22"><span class='ocrx_word' id='word_1_11' title='bbox 121 416 242 501; x_wconf 89' lang='lat' dir='ltr'>suavis,</span> <span class='ocrx_word' id='word_1_12' title='bbox 274 414 410 494; x_wconf 80' lang='lat' dir='ltr'>intensa,</span> <span class='ocrx_word' id='word_1_13' title='bbox 446 413 602 501; x_wconf 84' lang='lat' dir='ltr'>remissa„</span> <span class='ocrx_word' id='word_1_14' title='bbox 626 402 820 502; x_wconf 82' lang='lat' dir='ltr'>furibunda,</span> <span class='ocrx_word' id='word_1_15' title='bbox 862 410 973 510; x_wconf 83' lang='lat' dir='ltr'>plana,</span> <span class='ocrx_word' id='word_1_16' title='bbox 1015 410 1202 498; x_wconf 80' lang='lat' dir='ltr'>moderata,</span> 
     </span>
     <span class='ocr_line' id='line_1_4' title="bbox 120 511 814 612; baseline 0 -29"><span class='ocrx_word' id='word_1_17' title='bbox 120 514 243 612; x_wconf 85' lang='lat' dir='ltr'>gravis,</span> <span class='ocrx_word' id='word_1_18' title='bbox 270 511 454 608; x_wconf 85' lang='lat' dir='ltr'>magnifica.</span> <span class='ocrx_word' id='word_1_19' title='bbox 775 528 779 538; x_wconf 88' lang='lat'>&#39;</span> <span class='ocrx_word' id='word_1_20' title='bbox 810 554 814 561; x_wconf 94' lang='lat'>·</span> 
     </span>
     <span class='ocr_line' id='line_1_5' title="bbox 126 604 1201 781; baseline -0.006 -97"><span class='ocrx_word' id='word_1_21' title='bbox 126 708 149 781; x_wconf 69' lang='lat' dir='ltr'>s</span> <span class='ocrx_word' id='word_1_22' title='bbox 173 610 276 722; x_wconf 80' lang='lat' dir='ltr'>Nunc</span> <span class='ocrx_word' id='word_1_23' title='bbox 303 609 532 683; x_wconf 81' lang='lat' dir='ltr'>examinemus</span> <span class='ocrx_word' id='word_1_24' title='bbox 555 609 752 708; x_wconf 85' lang='lat' dir='ltr'>exemplum</span> <span class='ocrx_word' id='word_1_25' title='bbox 769 605 951 708; x_wconf 82' lang='lat' dir='ltr'>Euripidir,</span> <span class='ocrx_word' id='word_1_26' title='bbox 985 630 1056 705; x_wconf 88' lang='lat' dir='ltr'>quo</span> <span class='ocrx_word' id='word_1_27' title='bbox 1071 604 1201 705; x_wconf 81' lang='lat' dir='ltr'>Diony-</span> 
     </span>
    </p>

    <p class='ocr_par' dir='ltr' id='par_1_3' title="bbox 140 725 388 781">
     <span class='ocr_line' id='line_1_6' title="bbox 140 725 388 781; baseline -0.004 0"><span class='ocrx_word' id='word_1_28' title='bbox 140 733 191 781; x_wconf 87' lang='lat' dir='ltr'>rus</span> <span class='ocrx_word' id='word_1_29' title='bbox 205 725 333 780; x_wconf 86' lang='lat' dir='ltr'>untur:</span> <span class='ocrx_word' id='word_1_30' title='bbox 384 762 388 771; x_wconf 83' lang='lat'><em>.</em></span> 
     </span>
    </p>

    <p class='ocr_par' dir='ltr' id='par_1_4' title="bbox 171 802 1068 902">
     <span class='ocr_line' id='line_1_7' title="bbox 171 802 1068 902; baseline -0.002 -23"><span class='ocrx_word' id='word_1_31' title='bbox 171 809 243 879; x_wconf 70' lang='lat' dir='ltr'>le&#39;ot</span> <span class='ocrx_word' id='word_1_32' title='bbox 258 806 332 894; x_wconf 79' lang='lat' dir='ltr'>riser,</span> <span class='ocrx_word' id='word_1_33' title='bbox 348 804 454 877; x_wconf 73' lang='lat' dir='ltr'>ndulu</span> <span class='ocrx_word' id='word_1_34' title='bbox 467 809 566 901; x_wconf 59' lang='lat' dir='ltr'>lxv&amp;-</span> <span class='ocrx_word' id='word_1_35' title='bbox 584 806 716 900; x_wconf 64' lang='lat' dir='ltr'>olgssrr&#39;nnr</span> <span class='ocrx_word' id='word_1_36' title='bbox 731 805 853 892; x_wconf 72' lang='lat' dir='ltr'>Taleirt,</span> <span class='ocrx_word' id='word_1_37' title='bbox 870 803 917 902; x_wconf 68' lang='lat' dir='ltr'>pul</span> <span class='ocrx_word' id='word_1_38' title='bbox 928 802 1068 877; x_wconf 70' lang='lat' dir='ltr'>dunelm.</span> 
     </span>
    </p>

    <p class='ocr_par' dir='ltr' id='par_1_5' title="bbox 32 902 1209 2861">
     <span class='ocr_line' id='line_1_8' title="bbox 170 902 1199 1002; baseline 0.006 -28"><span class='ocrx_word' id='word_1_39' title='bbox 170 905 245 975; x_wconf 74' lang='lat' dir='ltr'>&#39;And</span> <span class='ocrx_word' id='word_1_40' title='bbox 260 904 385 998; x_wconf 60' lang='lat' dir='ltr'>rupices</span> <span class='ocrx_word' id='word_1_41' title='bbox 401 907 492 975; x_wconf 60' lang='lat' dir='ltr'>urard</span> <span class='ocrx_word' id='word_1_42' title='bbox 509 902 654 1002; x_wconf 70' lang='lat' dir='ltr'>Soringolr</span> <span class='ocrx_word' id='word_1_43' title='bbox 670 907 781 980; x_wconf 72' lang='grc' dir='ltr'>κοίτας·</span> <span class='ocrx_word' id='word_1_44' title='bbox 873 950 876 957; x_wconf 93' lang='grc'><strong><em>·</em></strong></span> <span class='ocrx_word' id='word_1_45' title='bbox 1196 960 1199 965; x_wconf 93' lang='grc'><strong>-</strong></span> 
     </span>
     <span class='ocr_line' id='line_1_9' title="bbox 169 997 1200 1100; baseline 0 -27"><span class='ocrx_word' id='word_1_46' title='bbox 169 1000 340 1100; x_wconf 82' lang='lat' dir='ltr'>Imprimis</span> <span class='ocrx_word' id='word_1_47' title='bbox 376 999 457 1073; x_wconf 87' lang='lat' dir='ltr'>dicit</span> <span class='ocrx_word' id='word_1_48' title='bbox 503 1017 570 1075; x_wconf 87' lang='lat' dir='ltr'>tres</span> <span class='ocrx_word' id='word_1_49' title='bbox 594 1000 754 1074; x_wconf 60' lang='lat' dir='ltr'>dictiones</span> <span class='ocrx_word' id='word_1_50' title='bbox 784 998 865 1086; x_wconf 70' lang='lat' dir='ltr'>Essa,</span> <span class='ocrx_word' id='word_1_51' title='bbox 897 1000 974 1086; x_wconf 77' lang='lat' dir='ltr'>risu,</span> <span class='ocrx_word' id='word_1_52' title='bbox 1006 997 1129 1086; x_wconf 68' lang='grc' dir='ltr'><strong>λώκδν,</strong></span> <span class='ocrx_word' id='word_1_53' title='bbox 1167 997 1200 1073; x_wconf 85' lang='lat' dir='ltr'>ln</span> 
     </span>
     <span class='ocr_line' id='line_1_10' title="bbox 120 1094 1201 1199; baseline -0.001 -27"><span class='ocrx_word' id='word_1_54' title='bbox 120 1097 263 1172; x_wconf 87' lang='lat' dir='ltr'>unisono</span> <span class='ocrx_word' id='word_1_55' title='bbox 278 1097 432 1197; x_wconf 89' lang='lat' dir='ltr'>proferri,</span> <span class='ocrx_word' id='word_1_56' title='bbox 466 1098 534 1171; x_wconf 85' lang='lat' dir='ltr'>fine</span> <span class='ocrx_word' id='word_1_57' title='bbox 560 1097 749 1172; x_wconf 85' lang='lat' dir='ltr'>differentia</span> <span class='ocrx_word' id='word_1_58' title='bbox 759 1113 985 1199; x_wconf 21' lang='lat' dir='ltr'>&#39;accentuumt</span> <span class='ocrx_word' id='word_1_59' title='bbox 1026 1095 1114 1171; x_wconf 78' lang='lat' dir='ltr'>ratio</span> <span class='ocrx_word' id='word_1_60' title='bbox 1143 1094 1201 1185; x_wconf 83' lang='lat' dir='ltr'>eli,</span> 
     </span>
     <span class='ocr_line' id='line_1_11' title="bbox 32 1194 1200 1367; baseline -0.001 -97"><span class='ocrx_word' id='word_1_61' title='bbox 32 1194 1200 1367; x_wconf 43' lang='lat' dir='ltr'>jwffimmfflmm&amp;mmm</span> 
     </span>
     <span class='ocr_line' id='line_1_12' title="bbox 135 1293 1197 1390; baseline -0.001 -23"><span class='ocrx_word' id='word_1_62' title='bbox 135 1295 320 1390; x_wconf 80' lang='lat' dir='ltr'>yllabarum</span> <span class='ocrx_word' id='word_1_63' title='bbox 366 1293 600 1382; x_wconf 88' lang='lat' dir='ltr'>intentionem,</span> <span class='ocrx_word' id='word_1_64' title='bbox 640 1294 732 1367; x_wconf 87' lang='lat' dir='ltr'>unde</span> <span class='ocrx_word' id='word_1_65' title='bbox 778 1318 840 1367; x_wconf 84' lang='lat' dir='ltr'>nec</span> <span class='ocrx_word' id='word_1_66' title='bbox 886 1312 1042 1367; x_wconf 82' lang='lat' dir='ltr'>accentus</span> <span class='ocrx_word' id='word_1_67' title='bbox 1073 1293 1197 1366; x_wconf 79' lang='lat' dir='ltr'>valent.</span> 
     </span>
     <span class='ocr_line' id='line_1_13' title="bbox 119 1390 1198 1490; baseline -0.002 -22"><span class='ocrx_word' id='word_1_68' title='bbox 119 1393 214 1470; x_wconf 87' lang='lat' dir='ltr'>Haec</span> <span class='ocrx_word' id='word_1_69' title='bbox 236 1410 350 1465; x_wconf 85' lang='lat' dir='ltr'>autern</span> <span class='ocrx_word' id='word_1_70' title='bbox 378 1391 480 1466; x_wconf 73' lang='lat' dir='ltr'>dictio</span> <span class='ocrx_word' id='word_1_71' title='bbox 518 1393 625 1466; x_wconf 66' lang='lat' dir='ltr'>udalr</span> <span class='ocrx_word' id='word_1_72' title='bbox 651 1392 754 1466; x_wconf 85' lang='lat' dir='ltr'>ctiam</span> <span class='ocrx_word' id='word_1_73' title='bbox 784 1390 981 1471; x_wconf 87' lang='lat' dir='ltr'>inunisono</span> <span class='ocrx_word' id='word_1_74' title='bbox 1009 1390 1198 1490; x_wconf 76' lang='lat' dir='ltr'>proferturr</span> 
     </span>
     <span class='ocr_line' id='line_1_14' title="bbox 111 1484 1199 1590; baseline -0.002 -25"><span class='ocrx_word' id='word_1_75' title='bbox 111 1484 279 1590; x_wconf 64' lang='lat' dir='ltr'>&#39;quoniam</span> <span class='ocrx_word' id='word_1_76' title='bbox 303 1489 421 1588; x_wconf 85' lang='lat' dir='ltr'>primae</span> <span class='ocrx_word' id='word_1_77' title='bbox 450 1488 582 1586; x_wconf 80' lang='lat' dir='ltr'>syllabae</span> <span class='ocrx_word' id='word_1_78' title='bbox 614 1491 670 1563; x_wconf 89' lang='lat' dir='ltr'>lon</span> <span class='ocrx_word' id='word_1_79' title='bbox 695 1515 725 1562; x_wconf 84' lang='lat' dir='ltr'>ae</span> <span class='ocrx_word' id='word_1_80' title='bbox 761 1488 829 1563; x_wconf 88' lang='lat' dir='ltr'>line</span> <span class='ocrx_word' id='word_1_81' title='bbox 858 1509 1010 1589; x_wconf 73' lang='lat' dir='ltr'>accentu,</span> <span class='ocrx_word' id='word_1_82' title='bbox 1039 1487 1199 1587; x_wconf 88' lang='lat' dir='ltr'>posterior</span> 
     </span>
     <span class='ocr_line' id='line_1_15' title="bbox 118 1515 1209 1688; baseline -0.001 -26"><span class='ocrx_word' id='word_1_83' title='bbox 118 1588 231 1664; x_wconf 82' lang='lat' dir='ltr'>brevis</span> <span class='ocrx_word' id='word_1_84' title='bbox 251 1613 330 1662; x_wconf 87' lang='lat' dir='ltr'>cum</span> <span class='ocrx_word' id='word_1_85' title='bbox 347 1605 484 1662; x_wconf 87' lang='lat' dir='ltr'>accentu</span> <span class='ocrx_word' id='word_1_86' title='bbox 506 1588 638 1688; x_wconf 83' lang='lat' dir='ltr'>aequalis</span> <span class='ocrx_word' id='word_1_87' title='bbox 654 1515 712 1663; x_wconf 67' lang='lat' dir='ltr'>eli.</span> <span class='ocrx_word' id='word_1_88' title='bbox 739 1586 882 1660; x_wconf 82' lang='lat' dir='ltr'>smiliter</span> <span class='ocrx_word' id='word_1_89' title='bbox 897 1587 936 1660; x_wconf 74' lang='lat' dir='ltr'>dt</span> <span class='ocrx_word' id='word_1_90' title='bbox 954 1591 1061 1682; x_wconf 52' lang='grc' dir='ltr'>ἴχιρη</span> <span class='ocrx_word' id='word_1_91' title='bbox 1112 1587 1209 1661; x_wconf 74' lang='lat' dir='ltr'>Hac·</span> 
     </span>
     <span class='ocr_line' id='line_1_16' title="bbox 118 1684 1197 1785; baseline -0.004 -22"><span class='ocrx_word' id='word_1_92' title='bbox 118 1701 234 1763; x_wconf 81' lang='lat' dir='ltr'>autem</span> <span class='ocrx_word' id='word_1_93' title='bbox 266 1684 370 1761; x_wconf 64' lang='lat' dir='ltr'>dictio</span> <span class='ocrx_word' id='word_1_94' title='bbox 402 1688 535 1782; x_wconf 59' lang='lat' dir='ltr'>detrun</span> <span class='ocrx_word' id='word_1_95' title='bbox 562 1688 646 1761; x_wconf 86' lang='lat' dir='ltr'>duas</span> <span class='ocrx_word' id='word_1_96' title='bbox 679 1685 874 1785; x_wconf 82' lang='lat' dir='ltr'>posteriores</span> <span class='ocrx_word' id='word_1_97' title='bbox 899 1684 1011 1769; x_wconf 78' lang='lat' dir='ltr'>acuit3</span> <span class='ocrx_word' id='word_1_98' title='bbox 1032 1685 1197 1784; x_wconf 70' lang='lat' dir='ltr'>‘quoniam</span> 
     </span>
     <span class='ocr_line' id='line_1_17' title="bbox 117 1781 1197 1884; baseline -0.001 -25"><span class='ocrx_word' id='word_1_99' title='bbox 117 1784 226 1884; x_wconf 86' lang='lat' dir='ltr'>prima</span> <span class='ocrx_word' id='word_1_100' title='bbox 248 1782 372 1882; x_wconf 76' lang='lat' dir='ltr'>syllaba</span> <span class='ocrx_word' id='word_1_101' title='bbox 394 1783 441 1856; x_wconf 87' lang='lat' dir='ltr'>cst</span> <span class='ocrx_word' id='word_1_102' title='bbox 476 1783 543 1856; x_wconf 82' lang='lat' dir='ltr'>stne</span> <span class='ocrx_word' id='word_1_103' title='bbox 575 1802 724 1871; x_wconf 88' lang='lat' dir='ltr'>accentu,</span> <span class='ocrx_word' id='word_1_104' title='bbox 759 1784 870 1858; x_wconf 84' lang='lat' dir='ltr'>media</span> <span class='ocrx_word' id='word_1_105' title='bbox 894 1782 1034 1869; x_wconf 73' lang='lat' dir='ltr'>acuitur,</span> <span class='ocrx_word' id='word_1_106' title='bbox 1075 1781 1136 1857; x_wconf 87' lang='lat' dir='ltr'>etfi</span> <span class='ocrx_word' id='word_1_107' title='bbox 1159 1782 1197 1858; x_wconf 84' lang='lat' dir='ltr'>stt</span> 
     </span>
     <span class='ocr_line' id='line_1_18' title="bbox 116 1879 1196 1980; baseline -0.003 -23"><span class='ocrx_word' id='word_1_108' title='bbox 116 1881 240 1971; x_wconf 75' lang='lat' dir='ltr'>bre&#39;vis,</span> <span class='ocrx_word' id='word_1_109' title='bbox 280 1895 416 1980; x_wconf 90' lang='lat' dir='ltr'>propter</span> <span class='ocrx_word' id='word_1_110' title='bbox 442 1881 597 1954; x_wconf 85' lang='lat' dir='ltr'><strong>ultimam</strong></span> <span class='ocrx_word' id='word_1_111' title='bbox 631 1882 793 1978; x_wconf 69' lang='lat' dir='ltr'>longam</span> <span class='ocrx_word' id='word_1_112' title='bbox 835 1879 952 1955; x_wconf 88' lang='lat' dir='ltr'>ultima</span> <span class='ocrx_word' id='word_1_113' title='bbox 989 1880 1090 1953; x_wconf 90' lang='lat' dir='ltr'>etiam</span> <span class='ocrx_word' id='word_1_114' title='bbox 1114 1879 1196 1954; x_wconf 87' lang='lat' dir='ltr'>acui·</span> 
     </span>
     <span class='ocr_line' id='line_1_19' title="bbox 117 1977 1196 2078; baseline 0 -25"><span class='ocrx_word' id='word_1_115' title='bbox 117 1996 187 2066; x_wconf 91' lang='lat' dir='ltr'>tur,</span> <span class='ocrx_word' id='word_1_116' title='bbox 227 1979 305 2078; x_wconf 91' lang='lat' dir='ltr'>quia</span> <span class='ocrx_word' id='word_1_117' title='bbox 331 1980 441 2077; x_wconf 87' lang='lat' dir='ltr'>longa.</span> <span class='ocrx_word' id='word_1_118' title='bbox 491 1979 579 2053; x_wconf 86' lang='lat' dir='ltr'>Haec</span> <span class='ocrx_word' id='word_1_119' title='bbox 618 1978 729 2052; x_wconf 83' lang='lat' dir='ltr'>rursus</span> <span class='ocrx_word' id='word_1_120' title='bbox 763 1980 866 2053; x_wconf 77' lang='lat' dir='ltr'>nitrio</span> <span class='ocrx_word' id='word_1_121' title='bbox 893 1979 1007 2066; x_wconf 69' lang='lat' dir='ltr'>erlem,</span> <span class='ocrx_word' id='word_1_122' title='bbox 1043 1977 1104 2050; x_wconf 88' lang='lat' dir='ltr'>etsr</span> <span class='ocrx_word' id='word_1_123' title='bbox 1127 2003 1196 2053; x_wconf 86' lang='lat' dir='ltr'>me·</span> 
     </span>
     <span class='ocr_line' id='line_1_20' title="bbox 117 2077 1193 2175; baseline -0.002 -24"><span class='ocrx_word' id='word_1_124' title='bbox 117 2078 209 2152; x_wconf 90' lang='lat' dir='ltr'>diam</span> <span class='ocrx_word' id='word_1_125' title='bbox 226 2077 477 2160; x_wconf 65' lang='lat' dir='ltr'>circumflectit,</span> <span class='ocrx_word' id='word_1_126' title='bbox 514 2092 628 2150; x_wconf 87' lang='lat' dir='ltr'>tamen</span> <span class='ocrx_word' id='word_1_127' title='bbox 669 2077 746 2175; x_wconf 90' lang='lat' dir='ltr'>quia</span> <span class='ocrx_word' id='word_1_128' title='bbox 784 2077 832 2151; x_wconf 89' lang='lat' dir='ltr'>est</span> <span class='ocrx_word' id='word_1_129' title='bbox 866 2077 1076 2150; x_wconf 79' lang='lat' dir='ltr'>adhortantis</span> <span class='ocrx_word' id='word_1_130' title='bbox 1114 2100 1193 2164; x_wconf 82' lang='lat' dir='ltr'>vox,</span> 
     </span>
     <span class='ocr_line' id='line_1_21' title="bbox 117 2173 1194 2272; baseline 0 -24"><span class='ocrx_word' id='word_1_131' title='bbox 117 2179 201 2249; x_wconf 85' lang='lat' dir='ltr'>duas</span> <span class='ocrx_word' id='word_1_132' title='bbox 225 2176 418 2272; x_wconf 88' lang='lat' dir='ltr'>posteriores</span> <span class='ocrx_word' id='word_1_133' title='bbox 445 2174 533 2246; x_wconf 83' lang='lat' dir='ltr'><strong>acuit</strong></span> <span class='ocrx_word' id='word_1_134' title='bbox 545 2205 557 2259; x_wconf 81' lang='lat'>3</span> <span class='ocrx_word' id='word_1_135' title='bbox 583 2173 731 2248; x_wconf 87' lang='lat' dir='ltr'>fimiliter</span> <span class='ocrx_word' id='word_1_136' title='bbox 755 2175 790 2247; x_wconf 76' lang='grc' dir='ltr'>δι</span> <span class='ocrx_word' id='word_1_137' title='bbox 813 2176 950 2248; x_wconf 75' lang='lat' dir='ltr'>nluneim.</span> <span class='ocrx_word' id='word_1_138' title='bbox 1000 2174 1112 2247; x_wconf 78' lang='lat' dir='ltr'>Porri&gt;</span> <span class='ocrx_word' id='word_1_139' title='bbox 1136 2175 1194 2248; x_wconf 65' lang='lat' dir='ltr'>Sal</span> 
     </span>
     <span class='ocr_line' id='line_1_22' title="bbox 116 2271 1208 2372; baseline -0.004 -23"><span class='ocrx_word' id='word_1_140' title='bbox 116 2275 240 2371; x_wconf 66' lang='lat' dir='ltr'>uplssal&#39;</span> <span class='ocrx_word' id='word_1_141' title='bbox 256 2275 368 2372; x_wconf 82' lang='lat' dir='ltr'>perdit</span> <span class='ocrx_word' id='word_1_142' title='bbox 383 2271 479 2345; x_wconf 91' lang='lat' dir='ltr'>suum</span> <span class='ocrx_word' id='word_1_143' title='bbox 494 2290 668 2346; x_wconf 88' lang='lat' dir='ltr'>accentum</span> <span class='ocrx_word' id='word_1_144' title='bbox 690 2271 725 2346; x_wconf 91' lang='lat' dir='ltr'>in</span> <span class='ocrx_word' id='word_1_145' title='bbox 742 2273 813 2372; x_wconf 67' lang='lat' dir='ltr'>argi.</span> <span class='ocrx_word' id='word_1_146' title='bbox 849 2298 930 2345; x_wconf 87' lang='lat' dir='ltr'>nam</span> <span class='ocrx_word' id='word_1_147' title='bbox 954 2271 1112 2345; x_wconf 71' lang='lat' dir='ltr'>dictionis</span> <span class='ocrx_word' id='word_1_148' title='bbox 1134 2271 1208 2345; x_wconf 70' lang='lat' dir='ltr'>sniv</span> 
     </span>
     <span class='ocr_line' id='line_1_23' title="bbox 115 2368 1192 2471; baseline -0.002 -26"><span class='ocrx_word' id='word_1_149' title='bbox 115 2373 236 2445; x_wconf 87' lang='lat' dir='ltr'>ultima</span> <span class='ocrx_word' id='word_1_150' title='bbox 261 2372 383 2468; x_wconf 81' lang='lat' dir='ltr'>syllaba</span> <span class='ocrx_word' id='word_1_151' title='bbox 408 2375 510 2468; x_wconf 85' lang='lat' dir='ltr'>longa</span> <span class='ocrx_word' id='word_1_152' title='bbox 535 2371 595 2458; x_wconf 91' lang='lat' dir='ltr'>est,</span> <span class='ocrx_word' id='word_1_153' title='bbox 629 2387 771 2471; x_wconf 88' lang='lat' dir='ltr'>propter</span> <span class='ocrx_word' id='word_1_154' title='bbox 810 2370 981 2468; x_wconf 85' lang='lat' dir='ltr'>sequentes</span> <span class='ocrx_word' id='word_1_155' title='bbox 1014 2368 1192 2443; x_wconf 88' lang='lat' dir='ltr'>consonan-</span> 
     </span>
     <span class='ocr_line' id='line_1_24' title="bbox 115 2458 1194 2565; baseline 0 -23"><span class='ocrx_word' id='word_1_156' title='bbox 115 2485 189 2552; x_wconf 86' lang='lat' dir='ltr'>tes;</span> <span class='ocrx_word' id='word_1_157' title='bbox 223 2471 350 2565; x_wconf 67' lang='lat' dir='ltr'>apicula</span> <span class='ocrx_word' id='word_1_158' title='bbox 377 2483 490 2542; x_wconf 85' lang='lat' dir='ltr'>autem</span> <span class='ocrx_word' id='word_1_159' title='bbox 518 2466 633 2543; x_wconf 88' lang='lat' dir='ltr'>brevia</span> <span class='ocrx_word' id='word_1_160' title='bbox 661 2466 765 2552; x_wconf 87' lang='lat' dir='ltr'>sunt·,</span> <span class='ocrx_word' id='word_1_161' title='bbox 805 2467 883 2557; x_wconf 79' lang='lat' dir='ltr'>ideo</span> <span class='ocrx_word' id='word_1_162' title='bbox 911 2467 1017 2565; x_wconf 88' lang='lat' dir='ltr'>major</span> <span class='ocrx_word' id='word_1_163' title='bbox 1045 2468 1131 2542; x_wconf 84' lang='lat' dir='ltr'>ratio</span> <span class='ocrx_word' id='word_1_164' title='bbox 1159 2458 1194 2541; x_wconf 81' lang='lat' dir='ltr'>in&#39;</span> 
     </span>
     <span class='ocr_line' id='line_1_25' title="bbox 116 2565 1194 2737; baseline -0.002 -98"><span class='ocrx_word' id='word_1_165' title='bbox 116 2568 284 2640; x_wconf 88' lang='lat' dir='ltr'>elevando</span> <span class='ocrx_word' id='word_1_166' title='bbox 300 2568 408 2664; x_wconf 83' lang='lat' dir='ltr'>longae</span> <span class='ocrx_word' id='word_1_167' title='bbox 424 2566 579 2640; x_wconf 88' lang='lat' dir='ltr'>habenda</span> <span class='ocrx_word' id='word_1_168' title='bbox 594 2566 778 2737; x_wconf 51' lang='lat' dir='ltr'>estfflam</span> <span class='ocrx_word' id='word_1_169' title='bbox 795 2565 915 2640; x_wconf 87' lang='lat' dir='ltr'>brevis.</span> <span class='ocrx_word' id='word_1_170' title='bbox 965 2566 1084 2666; x_wconf 74' lang='lat' dir='ltr'>Quare</span> <span class='ocrx_word' id='word_1_171' title='bbox 1100 2581 1139 2640; x_wconf 91' lang='lat' dir='ltr'>ut</span> <span class='ocrx_word' id='word_1_172' title='bbox 1155 2588 1194 2638; x_wconf 79' lang='lat' dir='ltr'>ex</span> 
     </span>
     <span class='ocr_line' id='line_1_26' title="bbox 114 2662 1193 2764; baseline -0.002 -26"><span class='ocrx_word' id='word_1_173' title='bbox 114 2680 254 2738; x_wconf 85' lang='lat' dir='ltr'>accentu</span> <span class='ocrx_word' id='word_1_174' title='bbox 278 2669 388 2758; x_wconf 60' lang='lat' dir='ltr'>plu&amp;</span> <span class='ocrx_word' id='word_1_175' title='bbox 415 2681 582 2761; x_wconf 86' lang='lat' dir='ltr'>appareat,</span> <span class='ocrx_word' id='word_1_176' title='bbox 608 2689 630 2736; x_wconf 95' lang='grc' dir='ltr'>ο</span> <span class='ocrx_word' id='word_1_177' title='bbox 666 2663 731 2747; x_wconf 66' lang='lat' dir='ltr'>frs</span> <span class='ocrx_word' id='word_1_178' title='bbox 762 2663 902 2764; x_wconf 88' lang='lat' dir='ltr'>propriis</span> <span class='ocrx_word' id='word_1_179' title='bbox 932 2663 1136 2751; x_wconf 78' lang='lat' dir='ltr'>accentibus,</span> <span class='ocrx_word' id='word_1_180' title='bbox 1159 2662 1193 2736; x_wconf 85' lang='lat' dir='ltr'>in</span> 
     </span>
     <span class='ocr_line' id='line_1_27' title="bbox 114 2760 1191 2861; baseline 0.001 -27"><span class='ocrx_word' id='word_1_181' title='bbox 114 2762 168 2834; x_wconf 87' lang='lat' dir='ltr'>his</span> <span class='ocrx_word' id='word_1_182' title='bbox 192 2761 402 2849; x_wconf 87' lang='lat' dir='ltr'>carminibus,</span> <span class='ocrx_word' id='word_1_183' title='bbox 436 2762 495 2835; x_wconf 93' lang='lat' dir='ltr'>ubi</span> <span class='ocrx_word' id='word_1_184' title='bbox 523 2761 665 2836; x_wconf 85' lang='lat' dir='ltr'>elevatio</span> <span class='ocrx_word' id='word_1_185' title='bbox 694 2778 753 2835; x_wconf 92' lang='lat' dir='ltr'>aut</span> <span class='ocrx_word' id='word_1_186' title='bbox 783 2761 945 2861; x_wconf 86' lang='lat' dir='ltr'>depreslio</span> <span class='ocrx_word' id='word_1_187' title='bbox 971 2760 1037 2835; x_wconf 80' lang='lat' dir='ltr'>elie</span> <span class='ocrx_word' id='word_1_188' title='bbox 1059 2763 1191 2849; x_wconf 79' lang='lat' dir='ltr'>debeat,</span> 
     </span>
    </p>

    <p class='ocr_par' dir='ltr' id='par_1_6' title="bbox 107 2860 1204 4109">
     <span class='ocr_line' id='line_1_28' title="bbox 114 2860 391 2934; baseline 0.007 -2"><span class='ocrx_word' id='word_1_189' title='bbox 114 2860 158 2933; x_wconf 83' lang='lat' dir='ltr'>src</span> <span class='ocrx_word' id='word_1_190' title='bbox 182 2876 391 2934; x_wconf 70' lang='lat' dir='ltr'>annotemun</span> 
     </span>
     <span class='ocr_line' id='line_1_29' title="bbox 165 2954 1192 3057; baseline -0.001 -28"><span class='ocrx_word' id='word_1_191' title='bbox 165 2961 253 3053; x_wconf 74' lang='grc' dir='ltr'>Σίγοὲ</span> <span class='ocrx_word' id='word_1_192' title='bbox 274 2959 367 3051; x_wconf 70' lang='lat' dir='ltr'>elyas,</span> <span class='ocrx_word' id='word_1_193' title='bbox 396 2955 503 3031; x_wconf 64' lang='lat' dir='ltr'>nslur&#39;r</span> <span class='ocrx_word' id='word_1_194' title='bbox 520 2957 603 3054; x_wconf 71' lang='grc' dir='ltr'>ἴχνὸς</span> <span class='ocrx_word' id='word_1_195' title='bbox 620 2957 754 3057; x_wconf 54' lang='lat' dir='ltr'>desiluit</span> <span class='ocrx_word' id='word_1_196' title='bbox 776 2956 880 3031; x_wconf 73' lang='lat' dir='ltr'>arluini</span> <span class='ocrx_word' id='word_1_197' title='bbox 903 2957 947 3048; x_wconf 69' lang='grc' dir='ltr'>μή</span> <span class='ocrx_word' id='word_1_198' title='bbox 968 2954 1106 3030; x_wconf 71' lang='grc' dir='ltr'><strong><em>ιῧυπεῖτέ.</em></strong></span> <span class='ocrx_word' id='word_1_199' title='bbox 1131 2954 1192 3028; x_wconf 67' lang='lat' dir='ltr'>a&#39;nl</span> 
     </span>
     <span class='ocr_line' id='line_1_30' title="bbox 113 3053 1204 3153; baseline 0.003 -28"><span class='ocrx_word' id='word_1_200' title='bbox 113 3056 236 3152; x_wconf 64' lang='lat' dir='ltr'>apicus</span> <span class='ocrx_word' id='word_1_201' title='bbox 255 3059 348 3128; x_wconf 70' lang='lat' dir='ltr'>vade’</span> <span class='ocrx_word' id='word_1_202' title='bbox 375 3056 521 3153; x_wconf 54' lang='lat' dir='ltr'>tarmus</span> <span class='ocrx_word' id='word_1_203' title='bbox 548 3057 657 3132; x_wconf 76' lang='lat' dir='ltr'>mleolr.</span> <span class='ocrx_word' id='word_1_204' title='bbox 709 3055 798 3129; x_wconf 84' lang='lat' dir='ltr'>Haec</span> <span class='ocrx_word' id='word_1_205' title='bbox 820 3055 1020 3151; x_wconf 82' lang='lat' dir='ltr'>syllabarum</span> <span class='ocrx_word' id='word_1_206' title='bbox 1037 3053 1204 3139; x_wconf 79' lang='lat' dir='ltr'>elevatio„</span> 
     </span>
     <span class='ocr_line' id='line_1_31' title="bbox 114 3151 1193 3251; baseline 0 -26"><span class='ocrx_word' id='word_1_207' title='bbox 114 3169 173 3225; x_wconf 85' lang='lat' dir='ltr'>aut</span> <span class='ocrx_word' id='word_1_208' title='bbox 188 3153 349 3251; x_wconf 85' lang='lat' dir='ltr'>depreffio</span> <span class='ocrx_word' id='word_1_209' title='bbox 367 3153 452 3226; x_wconf 87' lang='lat' dir='ltr'>intra</span> <span class='ocrx_word' id='word_1_210' title='bbox 466 3151 606 3250; x_wconf 87' lang='lat' dir='ltr'>spatium</span> <span class='ocrx_word' id='word_1_211' title='bbox 629 3151 771 3248; x_wconf 82' lang='lat' dir='ltr'>diapente</span> <span class='ocrx_word' id='word_1_212' title='bbox 786 3154 948 3227; x_wconf 87' lang='lat' dir='ltr'>contineri</span> <span class='ocrx_word' id='word_1_213' title='bbox 963 3153 1076 3237; x_wconf 65' lang='lat' dir='ltr'>debet</span> <span class='ocrx_word' id='word_1_214' title='bbox 1127 3151 1193 3225; x_wconf 88' lang='lat' dir='ltr'>Sed</span> 
     </span>
     <span class='ocr_line' id='line_1_32' title="bbox 112 3250 1193 3351; baseline 0.002 -30"><span class='ocrx_word' id='word_1_215' title='bbox 112 3276 188 3349; x_wconf 84' lang='lat' dir='ltr'>quae</span> <span class='ocrx_word' id='word_1_216' title='bbox 217 3251 348 3346; x_wconf 85' lang='lat' dir='ltr'>syllabae</span> <span class='ocrx_word' id='word_1_217' title='bbox 371 3250 517 3348; x_wconf 85' lang='lat' dir='ltr'>superius</span> <span class='ocrx_word' id='word_1_218' title='bbox 551 3266 610 3325; x_wconf 87' lang='lat' dir='ltr'>aut</span> <span class='ocrx_word' id='word_1_219' title='bbox 633 3250 768 3324; x_wconf 86' lang='lat' dir='ltr'>inferius</span> <span class='ocrx_word' id='word_1_220' title='bbox 789 3266 970 3351; x_wconf 86' lang='lat' dir='ltr'>ponantur,</span> <span class='ocrx_word' id='word_1_221' title='bbox 1007 3257 1104 3345; x_wconf 88' lang='lat' dir='ltr'>(nam</span> <span class='ocrx_word' id='word_1_222' title='bbox 1133 3274 1193 3347; x_wconf 89' lang='lat' dir='ltr'>po·</span> 
     </span>
     <span class='ocr_line' id='line_1_33' title="bbox 112 3346 1192 3446; baseline -0.002 -25"><span class='ocrx_word' id='word_1_223' title='bbox 112 3347 174 3421; x_wconf 90' lang='lat' dir='ltr'>test</span> <span class='ocrx_word' id='word_1_224' title='bbox 208 3348 329 3444; x_wconf 85' lang='lat' dir='ltr'>syllaba</span> <span class='ocrx_word' id='word_1_225' title='bbox 373 3351 476 3446; x_wconf 87' lang='lat' dir='ltr'>longa</span> <span class='ocrx_word' id='word_1_226' title='bbox 517 3347 653 3446; x_wconf 86' lang='lat' dir='ltr'>longior</span> <span class='ocrx_word' id='word_1_227' title='bbox 695 3349 774 3444; x_wconf 78' lang='lat' dir='ltr'>elle)</span> <span class='ocrx_word' id='word_1_228' title='bbox 815 3372 891 3445; x_wconf 84' lang='lat' dir='ltr'>quae</span> <span class='ocrx_word' id='word_1_229' title='bbox 929 3346 1068 3445; x_wconf 70' lang='lat' dir='ltr'>syllabae</span> <span class='ocrx_word' id='word_1_230' title='bbox 1107 3346 1192 3420; x_wconf 85' lang='lat' dir='ltr'>intra</span> 
     </span>
     <span class='ocr_line' id='line_1_34' title="bbox 111 3445 1193 3544; baseline 0 -27"><span class='ocrx_word' id='word_1_231' title='bbox 111 3447 254 3540; x_wconf 78' lang='lat' dir='ltr'>diapente</span> <span class='ocrx_word' id='word_1_232' title='bbox 286 3470 356 3519; x_wconf 91' lang='lat' dir='ltr'>uno</span> <span class='ocrx_word' id='word_1_233' title='bbox 387 3462 470 3517; x_wconf 87' lang='lat' dir='ltr'>tono</span> <span class='ocrx_word' id='word_1_234' title='bbox 503 3446 687 3536; x_wconf 84' lang='lat' dir='ltr'>eleventur,</span> <span class='ocrx_word' id='word_1_235' title='bbox 720 3462 790 3535; x_wconf 81' lang='lat' dir='ltr'>aut</span> <span class='ocrx_word' id='word_1_236' title='bbox 826 3445 1070 3544; x_wconf 84' lang='lat' dir='ltr'>deprimantur,</span> <span class='ocrx_word' id='word_1_237' title='bbox 1119 3469 1193 3544; x_wconf 78' lang='lat' dir='ltr'>quae</span> 
     </span>
     <span class='ocr_line' id='line_1_35' title="bbox 111 3541 1192 3642; baseline -0.002 -25"><span class='ocrx_word' id='word_1_238' title='bbox 111 3543 232 3617; x_wconf 88' lang='lat' dir='ltr'>deinde</span> <span class='ocrx_word' id='word_1_239' title='bbox 252 3544 384 3626; x_wconf 90' lang='lat' dir='ltr'>ditono,</span> <span class='ocrx_word' id='word_1_240' title='bbox 410 3565 484 3640; x_wconf 76' lang='lat' dir='ltr'>quae</span> <span class='ocrx_word' id='word_1_241' title='bbox 510 3569 571 3642; x_wconf 91' lang='lat' dir='ltr'>per</span> <span class='ocrx_word' id='word_1_242' title='bbox 598 3562 763 3642; x_wconf 87' lang='lat' dir='ltr'>quartam,</span> <span class='ocrx_word' id='word_1_243' title='bbox 791 3568 867 3641; x_wconf 86' lang='lat' dir='ltr'>quae</span> <span class='ocrx_word' id='word_1_244' title='bbox 891 3568 951 3642; x_wconf 92' lang='lat' dir='ltr'>per</span> <span class='ocrx_word' id='word_1_245' title='bbox 978 3541 1192 3617; x_wconf 87' lang='lat' dir='ltr'>semitonium</span> 
     </span>
     <span class='ocr_line' id='line_1_36' title="bbox 112 3640 1193 3742; baseline 0.002 -30"><span class='ocrx_word' id='word_1_246' title='bbox 112 3643 283 3739; x_wconf 87' lang='lat' dir='ltr'>usquead</span> <span class='ocrx_word' id='word_1_247' title='bbox 315 3642 484 3715; x_wconf 86' lang='lat' dir='ltr'>summum</span> <span class='ocrx_word' id='word_1_248' title='bbox 511 3642 669 3734; x_wconf 83' lang='lat' dir='ltr'>diapente,</span> <span class='ocrx_word' id='word_1_249' title='bbox 691 3642 765 3742; x_wconf 87' lang='lat' dir='ltr'>jam</span> <span class='ocrx_word' id='word_1_250' title='bbox 793 3640 1036 3739; x_wconf 78' lang='lat' dir='ltr'>scrupulosioris</span> <span class='ocrx_word' id='word_1_251' title='bbox 1059 3641 1193 3718; x_wconf 84' lang='lat' dir='ltr'>invelli-</span> 
     </span>
     <span class='ocr_line' id='line_1_37' title="bbox 107 3737 1193 3835; baseline 0.002 -25"><span class='ocrx_word' id='word_1_252' title='bbox 107 3738 252 3835; x_wconf 71' lang='lat' dir='ltr'>‘gationis</span> <span class='ocrx_word' id='word_1_253' title='bbox 276 3738 333 3812; x_wconf 85' lang='lat' dir='ltr'>est.</span> <span class='ocrx_word' id='word_1_254' title='bbox 383 3741 523 3813; x_wconf 90' lang='lat' dir='ltr'>Author</span> <span class='ocrx_word' id='word_1_255' title='bbox 556 3758 668 3813; x_wconf 90' lang='lat' dir='ltr'>tamen</span> <span class='ocrx_word' id='word_1_256' title='bbox 696 3740 806 3815; x_wconf 81' lang='lat' dir='ltr'>noster</span> <span class='ocrx_word' id='word_1_257' title='bbox 831 3737 928 3828; x_wconf 87' lang='lat' dir='ltr'>infra,</span> <span class='ocrx_word' id='word_1_258' title='bbox 954 3763 1035 3812; x_wconf 87' lang='lat' dir='ltr'>cum</span> <span class='ocrx_word' id='word_1_259' title='bbox 1057 3739 1105 3812; x_wconf 85' lang='lat' dir='ltr'>de</span> <span class='ocrx_word' id='word_1_260' title='bbox 1132 3763 1193 3812; x_wconf 89' lang='lat' dir='ltr'>vo-</span> 
     </span>
     <span class='ocr_line' id='line_1_38' title="bbox 111 3835 1204 3927; baseline 0.004 -20"><span class='ocrx_word' id='word_1_261' title='bbox 111 3837 234 3908; x_wconf 85' lang='lat' dir='ltr'>calibus</span> <span class='ocrx_word' id='word_1_262' title='bbox 260 3836 396 3924; x_wconf 88' lang='lat' dir='ltr'>sonoris,</span> <span class='ocrx_word' id='word_1_263' title='bbox 424 3838 555 3924; x_wconf 85' lang='lat' dir='ltr'>mediis,</span> <span class='ocrx_word' id='word_1_264' title='bbox 591 3837 629 3908; x_wconf 74' lang='grc' dir='ltr'>ὅτ</span> <span class='ocrx_word' id='word_1_265' title='bbox 657 3835 777 3911; x_wconf 83' lang='lat' dir='ltr'>infimis</span> <span class='ocrx_word' id='word_1_266' title='bbox 806 3838 919 3922; x_wconf 91' lang='lat' dir='ltr'>docet,</span> <span class='ocrx_word' id='word_1_267' title='bbox 943 3838 981 3910; x_wconf 78' lang='grc' dir='ltr'>δι</span> <span class='ocrx_word' id='word_1_268' title='bbox 1005 3837 1054 3909; x_wconf 77' lang='lat' dir='ltr'>dc</span> <span class='ocrx_word' id='word_1_269' title='bbox 1076 3835 1204 3927; x_wconf 52' lang='lat' dir='ltr'>conso&lt;</span> 
     </span>
     <span class='ocr_line' id='line_1_39' title="bbox 110 3934 1195 4108; baseline 0.006 -103"><span class='ocrx_word' id='word_1_270' title='bbox 110 3934 259 4008; x_wconf 88' lang='lat' dir='ltr'>nantium</span> <span class='ocrx_word' id='word_1_271' title='bbox 278 3935 510 4035; x_wconf 83' lang='lat' dir='ltr'>·generosrtare</span> <span class='ocrx_word' id='word_1_272' title='bbox 551 3934 587 4008; x_wconf 74' lang='grc' dir='ltr'>δι</span> <span class='ocrx_word' id='word_1_273' title='bbox 614 3935 832 4034; x_wconf 59' lang='grc' dir='ltr'>ἱεηοβίὶίεᾳῑτ</span> <span class='ocrx_word' id='word_1_274' title='bbox 863 3938 993 4027; x_wconf 60' lang='lat' dir='ltr'>uariat,</span> <span class='ocrx_word' id='word_1_275' title='bbox 1034 3952 1195 4108; x_wconf 62' lang='lat' dir='ltr'>anpptare</span> 
     </span>
     <span class='ocr_line' id='line_1_40' title="bbox 1057 4050 1192 4109; baseline 0.015 -2"><span class='ocrx_word' id='word_1_276' title='bbox 1057 4057 1095 4109; x_wconf 80' lang='lat' dir='ltr'>vr</span> <span class='ocrx_word' id='word_1_277' title='bbox 1120 4050 1192 4109; x_wconf 87' lang='lat' dir='ltr'>etur</span> 
     </span>
    </p>
   </div>
   <div class='ocr_carea' id='block_1_3' title="bbox 0 0 1324 4566">
    <p class='ocr_par' dir='ltr' id='par_1_7' title="bbox 0 0 1324 4566">
     <span class='ocr_line' id='line_1_41' title="bbox 0 0 1324 4566; baseline 0 2"><span class='ocrx_word' id='word_1_278' title='bbox 0 0 1324 4566; x_wconf 95' lang='lat' dir='ltr'> </span> 
     </span>
    </p>
   </div>
  </div>
 </body>
</html>
