2640 4566
91 206 176 303 fro
228 301 232 308 ,
381 217 629 300 8ιΜοῑΝιε
667 207 944 300 Bracovrr'

113 392 182 470 que
210 366 443 466 quantitatem,
476 364 533 442 sed
572 370 593 442 a
624 367 761 444 feriente
789 371 942 444 vocalem
961 360 1071 442 litera
1103 365 1199 463 metie

113 482 241 540 untur:
265 462 548 563 confiderantque,
582 492 652 540 non
680 482 804 567 quanta
823 468 863 541 fit
881 465 1013 552 uocalis,
1039 465 1097 539 sed
1124 490 1202 565 quae

111 564 248 665 majoris
274 563 432 661 ponderis
464 563 500 637 δι
528 563 606 639 soni.
656 565 740 639 Inde
756 569 805 639 A.
823 564 952 639 Gellius
973 564 1046 658 (lib.
1066 588 1107 661 9,·
1124 589 1198 662 cap.

115 663 168 753 6.)
197 661 307 737 minua
322 660 494 751 intellexit,
519 662 601 760 quid
617 661 837 736 Grammatici
858 661 1035 736 doctissimi
1061 663 1107 735 de
1135 661 1198 734 du·

111 763 198 834 obus
237 757 324 832 hisce
365 759 489 855 verbis,
530 763 655 836 Diuito
684 760 721 851 δι
752 762 873 840 Auito,
913 759 1199 859 pronuntiarunt:

10 922 13 927 .
111 860 294 957 quianon
317 855 465 955 originis,
492 874 550 930 aut
580 857 824 958 conjugationis
850 856 1074 957 proculdubio
1101 856 1201 931 ratio·

116 979 196 1031 nem
223 953 337 1028 haberi
358 953 553 1044 voluerunt,
586 956 643 1029 sed
670 957 849 1031 literarum.
902 956 996 1029 Nam
1024 954 1060 1028 in
1091 954 1201 1027 Attila

113 1053 237 1131 latioris
269 1053 372 1127 literae
402 1052 524 1139 hiatus,
557 1053 702 1151 primam
725 1046 894 1150 'syllabam
921 1051 1048 1130 diutius
1080 1053 1203 1127 retinet

108 1175 153 1228 'ac
171 1166 376 1226 remoratur:
394 1150 438 1222 'in
456 1153 581 1249 Ditlito
597 1173 723 1240 autem,
757 1150 1047 1251 (quandoquidem
1076 1149 1200 1249 linguae

114 1251 293 1352 pletirum,
326 1248 588 1359 eodemmodo
619 1254 745 1333 actum,
778 1250 901 1323 eodem
940 1247 1073 1361 recutit,
1091 1264 1201 1320 cum:

114 1344 1228 1545 tantulasurr{triturantur1

116 1547 236 1644 Quare
259 1542 398 1640 longam
429 1541 584 1616 dixerunt
613 1544 756 1640 primam
787 1543 822 1615 in
844 1541 967 1628 Attico,
998 1542 1140 1617 brevem
1165 1541 1199 1613 in

114 1644 262 1718 Diuico:
295 1665 371 1711 non
399 1637 492 1738 quiid
518 1642 629 1714 brevis
649 1642 723 1715 lraec
752 1641 804 1728 sit,
843 1639 882 1712 &
913 1639 1012 1712 unius
1038 1638 1202 1737 temporie

85 1739 249 1834 ,syllaba
292 1761 369 1836 quie
401 1737 563 1834 positione
601 1739 797 1836 producitur
834 1738 979 1811 duarum
1013 1735 1198 1810 consonan-

113 1839 226 1918 tium;
256 1834 314 1908 sed
350 1834 495 1907 nonita
519 1835 633 1934 longa,
662 1854 761 1934 atque
788 1835 935 1909 aliaest.
987 1835 1107 1935 Quare
1132 1858 1199 1907 non

115 1948 248 2008 rantum
279 1931 449 2004 literarum
478 1933 627 2006 coitione
658 1933 839 2030 augescunt
870 1932 1017 2028 syllabam·
1052 1949 1112 2013 aut
1141 1934 1198 2005 de·

115 2030 290 2106 crescunt:
331 2028 388 2102 sed
402 2030 503 2105 etiarn
522 2030 590 2129 ipsi
617 2031 785 2106 vocalium
813 2028 944 2120 natura,
971 2029 1023 2103 uti
1047 2030 1198 2105 ›ostendi-

115 2148 204 2206 mus.
1001 2179 1004 2183 ·

118 2272 121 2277 ·
159 2229 243 2327 Peg.
276 2250 356 2315 110,
381 2232 417 2315 il.-
441 2227 474 2300 6.
500 2233 567 2300 'Errl
591 2229 646 2322 pala
669 2224 896 2327 προσῖωέμωι]
951 2223 1006 2298 Sic
1035 2223 1196 2324 Virgilius

116 2327 269 2402 extendit
294 2326 445 2422 syllabas,
474 2325 639 2424 frequenti
654 2326 703 2416 Ο,
727 2349 841 2399 rerum
872 2320 1105 2398 exten-fiunem
1124 2322 1195 2396 imi-

116 2443 225 2518 tatus:
250 2442 302 2510 ut,
319 2423 457 2498 AEneid.
483 2422 537 2497 lib.
554 2449 588 2511 4.
1208 2442 1211 2449 ’

162 2521 506 2621 Etsaemineoululatu.
532 2537 566 2593 et
583 2521 719 2593 AEneid.
740 2547 775 2617 3,
798 2524 833 2606 il.
845 2518 928 2613 672.

165 2621 340 2695 Clamorem
354 2621 528 2714 immenstam
544 2618 626 2690 tollit
639 2650 651 2701 3
675 2643 730 2714 quo
742 2632 871 2712 pontus,
882 2617 924 2692 {al
938 2634 1038 2691 omnes

162 2720 360 2791 Intremuere
374 2717 470 2790 undae.
514 2732 549 2788 et
565 2715 705 2791 AEneid.
723 2737 759 2805 5,
789 2720 824 2801 il.
845 2740 927 2809 ²45·

164 2821 318 2890 {tuorem
332 2817 446 2911 magnai
454 2816 608 2913 praeconis
622 2837 696 2886 voce
710 2813 903 2888 Cloamhum.

115 2916 196 3012 Jam
212 2916 296 2987 vero
312 2913 396 2987 illud
422 2913 457 2985 in
478 2910 598 2983 Graeco
616 2912 782 3008 ἐράῖομένης
805 2909 1054 2984 vehementiam
1077 2908 1113 2980 &
1134 2906 1198 2981 im··

115 3028 234 3111 petum
264 3013 430 3086 undarum
461 3008 629 3107 fignificat.
679 3009 814 3107 genim
847 3009 1050 3082 celeritatem
1065 3054 1068 3059 -
1081 3020 1193 3079 notat:

115 3110 171 3185 Sic
189 3110 250 3181 Vir
278 3162 285 3178 .
541 3126 544 3132 ’
1199 3142 1202 3147 ·

165 3134 359 3284 Intreinuere
372 3206 469 3279 rurdae.
507 3221 545 3279 ct
576 3202 632 3278 lib.
651 3228 683 3290 1,
700 3203 834 3278 AEneid.
860 3209 895 3291 u.
915 3196 1195 3298 117.-Rapidas

57 3338 60 3343 ’
114 3320 212 3381 uorat
227 3328 343 3400 aequore
358 3318 481 3377 vortex.
818 3380 825 3386 ,

119 3424 123 3431 ’
157 3404 245 3502 Peg.
266 3404 341 3475 ead.
377 3408 412 3479 ri.
442 3428 476 3500 9.
504 3407 560 3472 tel
581 3397 602 3491 {l
625 3403 663 3469 τέ
687 3401 890 3496 eucarpiae]
933 3397 1072 3470 Doloris
1102 3417 1193 3490 mag·

113 3501 248 3590 nitudo,
271 3503 306 3573 δι
330 3499 484 3599 ponderis
505 3496 660 3595 graviter,
690 3497 874 3570 ostenditur
889 3498 931 3569 ab
948 3496 1108 3568 Homero
1127 3493 1195 3563 dic·

114 3598 204 3674 tione
231 3600 369 3692 ςενάχων.
422 3599 516 3671 Nam
543 3625 557 3667 ε
586 3592 751 3693 gemitum
768 3594 926 3695 significat
955 3593 993 3666 δε
1018 3591 1193 3665 dolorem:

115 3715 169 3786 ut,
186 3697 326 3794 AEneid.
346 3720 381 3786 2,
405 3699 440 3784 il.-
457 3695 518 3789 69.

118 3826 130 3835 ··
161 3796 261 3870 Heu!
290 3792 564 3891 panniculus,
592 3794 704 3890 inquit,
726 3814 794 3887 que
810 3813 858 3863 me
872 3813 997 3888 aequora
1009 3784 1135 3884 palliant

32 3945 35 3952 ‚
119 3959 122 3967 .
163 3892 344 3988 AcctPerc?
459 3970 462 3977 .
1072 3912 1077 3921 ·

1040 4075 1194 4154 Graviter
