2640 4566
244 189 319 267 Dn
354 186 700 268 Srnucnnna
735 187 1069 266 Onanroruts.
1117 213 1199 294 ¹45

122 338 267 409 ldtanten
287 361 350 409 non
371 341 452 422 dico,
474 363 577 409 eorum
595 341 775 429 scriptorum
799 343 951 406 neminem
974 333 1122 419 vilioribus
1147 361 1204 407 nu-

121 447 209 536 merso
231 465 359 532 unquam
385 446 469 511 fuiffe
492 448 599 512 usum:
643 450 723 511 nam*
743 462 862 511 utuntur
890 442 1034 529 quidem,
1070 443 1118 507 sed
1152 464 1203 508 eoa

70 576 73 581 <
120 561 180 613 arte
201 548 363 630 occultant,
385 550 420 614 &
442 547 599 614 deteriores
616 550 717 632 paffirn
737 547 928 634 pulcrioribus
949 543 1092 610 immistos
1108 547 1201 610 inter·

121 664 235 716 texunt.

162 751 229 832 Qui
260 757 334 819 vero
372 752 483 820 hicio
519 769 599 838 parte
637 752 747 818 nullam
782 753 976 819 adhibuerunt
1012 772 1127 834 cutam,
1162 749 1203 815 illi

118 873 169 921 aut
201 855 334 938 humilia,
371 873 420 923 aut
451 857 551 934 sraela,
576 875 624 922 aut
645 857 725 943 quod
749 856 856 940 pudeat
878 861 979 935 etiam,
1009 875 1044 919 ac
1065 853 1203 923 deforme

117 954 337 1042 innuentia,
370 961 400 1024 in
433 961 531 1025 lucem
555 961 658 1045 scripta
685 961 876 1045 protulerunt.
923 959 1061 1037 Quorum
1091 959 1211 1042 primus'

116 1058 168 1145 eil,
191 1061 327 1141 ultimus,
365 1065 396 1129 δι
431 1065 555 1147 medius,
592 1063 763 1149 Magnciiua
798 1061 921 1148 sophista
956 1060 1119 1146 Hegefias:
1161 1060 1201 1126 de

115 1179 187 1246 qun,
225 1183 277 1248 per
302 1163 408 1245 lovem
436 1168 472 1232 &
499 1183 619 1231 caeteros
646 1187 752 1231 omnes
780 1165 863 1243 deos,
895 1162 964 1250 quid
985 1164 1018 1227 fit
1038 1160 1199 1226 dicendum

116 1264 191 1331 haud
228 1269 315 1352 sc103
356 1289 392 1333 an
427 1267 573 1354 stupidum
599 1271 626 1333 ei
661 1271 736 1334 adeo
756 1271 908 1353 ingenium
938 1267 1024 1330 fuerit
1057 1268 1091 1332 &
1115 1285 1200 1331 mens
1274 1282 1275 1287 ’

53 1386 55 1391 ’
115 1370 217 1465 mila,
251 1386 290 1438 ut
306 1374 437 1440 nrinime
466 1375 589 1442 valuerit
617 1377 789 1460 perspicere,
817 1377 867 1459 qui
900 1373 1018 1438 numeri
1056 1371 1201 1457 generofi,

116 1475 224 1562 quique
244 1477 406 1562 ignobiles;
431 1500 469 1544 an
494 1495 574 1545 tanta
605 1482 658 1544 diis
686 1482 761 1544 iratis
782 1500 851 1544 eum
876 1478 1065 1561 occupaverit
1086 1477 1200 1542 stolidi-

116 1592 157 1642 taa
184 1584 549 1669 mentisque-depravatio,
570 1601 615 1669 ut,
647 1586 815 1650 melioribus
840 1584 1004 1668 perspectis,
1029 1581 1199 1673 ¹deteriores

117 1695 216 1749 umen
238 1685 378 1752 numeros
406 1687 545 1773 seligeret.
589 1709 655 1775 quae
687 1689 783 1774 potior
802 1688 887 1754 'miili
908 1687 1022 1752 videtur
1044 1687 1197 1755 sententia.

115 1781 136 1821 ‘⁸
157 1782 216 1852 ssst‘
225 1776 306 1855 enirn
320 1792 502 1876 ignorantiae,
521 1793 681 1885 identidem
704 1813 750 1859 ret
763 1791 886 1858 feliciter
899 1791 1028 1875 cedere,
1048 1792 1199 1878 nunquam

114 1885 135 1924 α
154 1898 243 1973 vero,
259 1896 372 1960 confilii
395 1917 430 1962 ac
452 1897 618 1982 prudentiae.
660 1896 746 1983 Natu
770 1900 845 1962 inter
859 1911 906 1963 tot
919 1895 1033 1982 scripta,
1054 1916 1121 1981 quae
1141 1914 1199 1963 no-
1305 1908 1308 1913 “

115 1997 156 2064 bia
183 1998 300 2086 reliquit
324 2002 371 2066 vir
399 2003 542 2088 egregius,
564 2023 602 2066 ne
629 2002 769 2086 pagellam
788 2000 908 2087 quidem
935 2002 1053 2066 uncam
1074 2003 1198 2068 invene·

44 2134 46 2140 ⁸
114 2104 161 2191 ria,
180 2105 264 2198 felici
295 2109 433 2184 orationis
463 2108 605 2174 structuri
636 2121 783 2175 ornatam.
826 2109 881 2172 hos
911 2109 1009 2193 itaque
1030 2107 1118 2193 pedet
1144 2110 1200 2182 illis

113 2207 323 2294 praestantiores
343 2214 506 2295 judicabat,
527 2217 562 2281 δι
587 2213 625 2279 de
653 2213 792 2279 industrii
821 2211 896 2280 visus
911 2212 952 2277 eli
980 2212 1117 2278 adhibere
1129 2241 1140 2290 3
1164 2217 1197 2281 in

113 2335 185 2403 quoe
210 2315 289 2384 forte
316 2317 483 2386 necestitate
505 2319 635 2402 condius,
649 2308 674 2406 sr-
683 2319 815 2384 inciderit
830 2318 876 2385 vir
897 2319 1009 2382 ratione
1029 2318 1065 2384 &
1082 2319 1199 2399 judicio

113 2419 261 2508 praeditus,
294 2421 383 2509 idque
405 2425 437 2491 in
456 2421 600 2489 'oratione
629 2422 720 2489 facia·
731 2442 774 2515 ex.
795 2434 942 2508 tempore,
960 2418 1029 2486 'non
1047 2423 1159 2508 poterit
1180 2432 1199 2492 l

96 2516 222 2625 'rubore
240 2527 294 2594 srbi
316 2545 491 2614 temperare.
536 2527 679 2594 Hominis
713 2533 787 2594 vero
819 2529 987 2593 sermonem
1020 2534 1057 2594 e'x
1078 2530 1198 2603 historia

113 2632 262 2721 struprum
290 2648 360 2701 ante
384 2635 487 2701 oculos
509 2634 682 2719 proferamt
707 2652 740 2700 ut
761 2634 824 2717 tibi,
859 2635 899 2698 mi
922 2633 1012 2727 Rufe,
1035 2655 1072 2702 ex
1094 2643 1196 2706 mutuai

90 2740 335 2833 'comparatione
363 2757 506 2824 appareat,
538 2752 676 2826 quantam
704 2738 878 2825 dignitatem
913 2735 982 2802 illud
1013 2739 1044 2802 in
1064 2744 1222 2808 numetia'

110 2843 286 2931 generosum
306 2842 421 2928 habeat,
452 2863 597 2931 quantum¹
608 2843 757 2910 dedecoris
789 2845 824 2909 δε
837 2844 967 2908 infantiae
988 2842 1130 2912 strueura
1150 2850 1197 2936 ig·

112 2951 227 3017 nobilia
282 2948 384 3032 Quaen
404 2954 478 3016 vero
499 2970 563 3016 rem
584 2950 636 3015 fibi
656 2948 850 3016 illustrandam
870 2947 993 3032 sophista
1012 2950 1139 3037 effumit,
1159 2974 1195 3022 ee

113 3052 142 3122 ie
160 3055 203 3122 ita
223 3053 323 3122 habet.
1100 3057 1192 3124 Alex·
1280 3134 1284 3139 ,

150 3202 289 3280 Cenfism
298 3207 392 3282 eripuit
403 3219 515 3263 mertem.
672 3203 710 3262 do
729 3207 816 3283 magia
829 3205 990 3275 naturalem,
1012 3205 1193 3268 modoetiam

115 3282 241 3360 Itemque
254 3301 290 3341 ex
304 3284 400 3341 eadem
414 3285 553 3361 opinione,
573 3283 634 3341 Ho·
672 3289 762 3362 tnagis
771 3285 879 3343 virilem
893 3287 946 3343 eile
958 3287 1132 3346 contendant.

113 3380 201 3421 merua
234 3362 269 3420 de
298 3361 414 3430 Glauco,
444 3381 521 3420 arina
552 3381 634 3440 aurea
713 3365 915 3440 18Πολλοιχιὶ]
935 3367 1006 3442 Reg.
1023 3384 1047 3424 1.
1069 3367 1187 3428 aeolo.
1295 3428 1298 3434 ,

112 3443 192 3503 aneia
211 3456 405 3518 permanaret
671 3445 813 3518 πολλαχῆ.
867 3443 947 3521 Qud
978 3440 1045 3500 vend
1074 3445 1109 3501 de
1138 3444 1192 3504 hoc

142 3520 212 3579 'Eri‘
225 3516 291 3578 air·
308 3521 418 3598 rnaa‘ep
438 3517 556 3597 Κρονίδης
577 3523 632 3598 φςὲ·
671 3511 796 3600 scriptore
823 3523 905 3580 tradit
932 3520 1086 3595 Dionysius,
1109 3515 1192 3582 idem

188 3625 232 3664 νας
245 3598 333 3668 dilatio
345 3600 416 3664 zade.
670 3598 728 3657 fere
742 3597 759 3656 ai
771 3601 903 3658 Cicerone
917 3600 1127 3676 comprobatur..
1153 3603 1193 3660 Aa

114 3676 164 3734 Sed
182 3676 311 3754 praedate
335 3678 432 3734 Fabius
451 3675 493 3732 lib
518 3693 547 3754 9.
568 3695 628 3753 cap.
670 3676 784 3753 Charfii
802 3680 864 3736 vult
889 3677 1005 3756 Hegestas
1027 3682 1072 3756 effe
1087 3679 1191 3754 finilia,

119 3773 142 3830 3.
164 3756 276 3814 illorum
288 3755 446 3813 sententiam
461 3752 571 3822 refellit,
584 3755 631 3829 qui
670 3759 732 3833 isque
745 3756 776 3831 se
790 3761 829 3813 ita
839 3772 915 3835 putat
929 3760 1051 3826 Atticum,
1072 3775 1100 3814 aar
1118 3781 1192 3818 veros

115 3844 206 3891 curam·
224 3833 336 3893 omnem
360 3832 559 3910 compositionis
584 3851 630 3889 tx·
669 3835 826 3927 illarpraese
842 3850 914 3920 pene
939 3835 1133 3916 agrestespntet.
1155 3841 1191 3900 de

108 3912 231 3984 .clndant‚
270 3929 351 3989 atque
377 3913 455 3970 illurn
488 3912 629 3971 horridum
668 3915 746 3974 clatra
756 3916 834 3985 Orat.
872 3936 875 3941 ’
1143 3918 1146 3923 ‘

115 3989 274 4063 sermonem,
289 4006 318 4059 ut
332 3989 402 4053 forte
414 3991 556 4063 effluxerit,
570 4008 629 4074 ιιισ-1
977 4002 981 4007 ·

105 4102 110 4111 ·
619 4069 623 4074 '
747 4069 773 4135 L
1031 4074 1190 4156 imagine]
