2640 4566
497 187 838 283 INDEX.-
951 213 952 218 ‘

110 342 314 409 Demosthenes
356 357 413 417 qua
453 358 485 399 re
528 339 638 399 Platoni
660 338 836 399 Dialedlicae
861 337 926 396 artis
949 335 1104 428 scriptores,
1125 353 1204 393 com·

147 423 267 506 praestet,
302 437 367 494 140,
396 438 430 496 9.
472 417 637 483 Demosthe·
715 417 857 500 positionis
893 418 1060 496 elegantiam
1089 415 1202 494 neglex-
1293 425 1295 430 ’

147 522 199 565 nes
226 502 255 559 in
283 497 431 561 scribendis
452 497 635 568 orationibus,
716 512 807 567 erunt,
822 516 871 573 40,
893 498 920 554 6.
963 492 1202 554 Dialecticaeartis

148 600 187 640 an
212 576 315 645 sursum
346 597 380 641 ac
407 576 546 639 deorsum
556 575 636 640 volu·
716 577 812 639 dinus
851 596 887 635 an
925 575 962 633 ad
996 573 1206 655 compositionis

148 661 215 723 eatis
235 657 327 716 verbis
364 655 560 728 &membris,
600 655 635 723 ad
714 656 883 734 elegantiam
897 654 1068 726 necessarius,
1091 672 1140 731 42,
1158 668 1204 724 po,

147 736 295 804 metricam
325 753 505 797 numerorum
525 734 637 795 conon,
736 752 829 813 o,19.
851 733 1016 796 Dialectici-e
1029 729 1204 807 artesChry·

148 818 268 883 nitatem
290 814 415 894 exegerit
437 815 542 885 omnia,
567 831 635 886 240,
715 754 804 890 ippus
834 813 940 874 Stoicus
972 812 1098 872 omnium
1138 828 1204 877 exa·

155 915 200 957 ιο.
241 895 303 955 Post
319 895 478 953 diuturnam
503 893 635 957 exercita
716 892 1113 970 ommenaeasit‚40,10.
1143 905 1145 909 ·
1204 919 1211 927 ·

150 976 259 1035 tionem
295 972 491 1033 consuetudine
529 976 554 1030 δι
586 971 635 1033 lea·
676 971 789 1037 dicendi
829 970 991 1033 exercitatio
1025 971 1055 1030 in
1093 970 1205 1035 duobus

148 1055 213 1117 bitu
256 1052 338 1113 sacile
373 1052 518 1133 prestitit,
557 1050 647 1128 quod.
717 1050 843 1120 consistit,
864 1051 936 1120 6,1.
978 1049 1100 1110 Dicendi
1118 1073 1205 1115 venu-

149 1133 248 1216 primis
285 1131 362 1190 annis
397 1150 443 1190 ma
464 1149 500 1189 no
540 1130 636 1192 labore
716 1131 765 1188 stas
783 1130 927 1191 affenatur
957 1128 1149 1211 &juvenibus
1171 1135 1208 1205 6,

149 1233 186 1272 ac
216 1210 304 1271 studio
331 1211 379 1269 vix
411 1209 514 1288 aequi
533 1209 636 1286 potuit,
721 1210 762 1269 16.
806 1210 927 1269 Dicendi
960 1209 1062 1287 primas
1095 1212 1204 1273 Demo·

154 1291 223 1368 246,
247 1312 273 1351 2.
315 1288 475 1349 Verborum
501 1287 636 1366 composi·
715 1288 803 1353 libeni
828 1290 926 1355 tribuit
945 1289 1103 1368 Dionysus,
1136 1310 1209 1368 140,

152 1372 230 1429 tione
262 1368 338 1447 quali
366 1367 447 1439 usus,
485 1386 564 1438 220,
606 1387 634 1446 9.
721 1369 764 1428 16.
1259 1365 1263 1380 '

151 1448 347 1511 Demosthenis
373 1447 459 1506 dictio
478 1446 579 1524 pulcris
611 1451 637 1510 δι
674 1441 810 1508 mutones
853 1448 973 1513 modulis
1017 1447 1203 1529 subjicienda,

64 1563 66 1576 ·
150 1527 278 1594 suavibus
316 1525 517 1587 mutationibus
548 1524 637 1582 varia·
716 1543 773 1584 non
791 1525 899 1585 moduli
913 1527 1089 1600 didionibus,
1107 1531 1160 1604 78,
1176 1550 1204 1590 ι.

152 1609 347 1686 ta,158,r5.
388 1603 582 1666 Demosthenis
596 1605 636 1664 O·
717 1605 804 1664 diciio
823 1605 931 1684 optima
960 1626 1022 1683 quae
1037 1606 1077 1677 fit,
1096 1613 1208 1687 ιςὶἰ,ι.Ι

151 1685 272 1746 rationes
307 1685 421 1763 optimis
460 1682 635 1760 poematibus
717 1683 846 1747 didionis
862 1685 1008 1756 elementa,
1033 1705 1122 1756 12,1.

151 1762 362 1828 &carminibus
387 1762 495 1834 similes,
518 1780 585 1840 224,
607 1781 643 1839 7.·
677 1760 824 1838 Dionysius
848 1762 1065 1823 Halicarnasseus
1096 1765 1205 1831 Rheto-

151 1842 346 1904 Demosthenii
366 1843 456 1903 oratio
488 1861 540 1920 pro
570 1843 637 1900 Cte-
715 1842 790 1901 ricen
824 1843 922 1901 Romae
949 1843 994 1901 vel
1016 1842 1126 1922 publici
1158 1847 1209 1906 ve}

88 1987 92 1997 ¹
150 1924 278 2001 siphonte
311 1921 434 1981 omnium
464 1934 536 1981 orat.
570 1940 638 1997 prae-
716 1920 850 2004 privatim
869 1921 989 1981 docuisse
1002 1924 1121 1993 videtur,
1136 1943 1205 2000 170,
1295 1991 1299 2001 ,

151 2002 316 2070 ilantiffima,
348 2004 415 2076 236,
444 2019 487 2080 ις.
530 2000 636 2058 Demo·
721 2019 766 2075 ¹7·
805 2000 980 2060 Promittitur
998 2000 1099 2062 librum
1118 2003 1206 2067 deE·

152 2081 251 2146 [lhenis
271 2080 358 2150 locus,
388 2077 405 2139 ὲ
433 2097 490 2156 quo
520 2077 636 2138 docetur
717 2079 835 2141 ledione
850 2080 1010 2152 verborum,
1026 2085 1053 2150 8,
1073 2102 1118 2161 ις.
1139 2101 1206 2160 pro-

150 2172 288 2240 quantum
301 2157 446 2237 elegantiae
465 2157 562 2223 alferat
588 2176 637 2234 ap·
720 2158 809 2220 mittit
841 2157 998 2238 scalpellus
1020 2159 1068 2227 ede
1092 2186 1206 2241 χαραιι·

152 2252 183 2298 ta
196 2240 345 2311 perborum
356 2236 496 2319 figuratio,
516 2236 564 2307 60,
590 2238 635 2296 16.
720 2238 800 2314 espec
823 2240 868 2298 eris
894 2238 1024 2317 appendi,
1052 2257 1100 2317 72,
1117 2239 1147 2301 6.
1168 2241 1206 2302 de

152 2317 255 2388 Locus,
289 2315 307 2378 ὲ
333 2335 391 2394 quo
423 2315 533 2394 elegans
561 2314 638 2374 colo·
719 2316 819 2391 quibus
841 2318 922 2376 urfra.

150 2415 213 2456 mnu
254 2396 327 2455 inter
367 2393 394 2452 se
430 2395 638 2472 coagmentatio
679 2390 848 2463 dissonantiae
876 2395 945 2455 levis
974 2395 1054 2459 causa
1076 2397 1177 2476 explos

152 2475 363 2544 demonstratur,
391 2473 438 2544 60,
466 2491 494 2550 3.
537 2473 638 2542 Locus,
718 2472 856 2532 citharista
869 2479 894 2532 ἃ
907 2475 1022 2545 tibicen,
1036 2494 1083 2553 72,
1096 2495 1143 2537 22.

151 2575 210 2633 quo
247 2556 357 2634 elegans
394 2553 518 2611 colorum
553 2550 638 2610 trans·
679 2550 860 2615 dillinstiones
890 2573 942 2632 pro
969 2553 1149 2636 periodorum
1180 2559 1206 2619 a

152 2635 285 2700 formatio
319 2632 484 2702 ostenditur,
519 2631 567 2707 64,
613 2650 637 2691 ι.
720 2632 846 2691 colorum
872 2647 1098 2712 commatumque
1118 2635 1205 2697 ratio*

152 2715 221 2775 item
243 2734 278 2772 ex
298 2712 433 2770 Oratione
452 2723 549 2770 contra
569 2711 640 2788 Lep
720 2730 765 2781 ne,
779 2731 845 2791 257,
862 2731 888 2790 ς.

154 2793 252 2860 tinem,
273 2792 384 2866 66,13.
405 2789 421 2849 ‘e
447 2789 639 2849 Demosthenis
681 2786 882 2865 Dithyramb'us
903 2788 976 2868 apud
998 2804 1104 2852 veteres
1124 2791 1206 2854 certis

152 2872 290 2930 Oratione
310 2889 362 2947 pro
377 2869 556 2946 Ctesiphonte
576 2887 641 2946 pro·
721 2866 827 2949 legibus
840 2868 978 2931 adstrictus
992 2882 1063 2946 erat,
1081 2871 1144 2948 156,
1159 2890 1205 2937 ιο.
1229 2918 1234 2929 .

154 2951 270 3015 oemium
282 2972 291 3015 ;
325 2949 363 3025 ad
391 2947 586 3010 ostendendam
612 2948 641 3007 in
722 2947 902 3028 Dithyrambi
929 2962 1019 3024 poetae
1042 2949 1141 3026 quibus
1168 2949 1207 3008 usu

151 3048 190 3088 eo
212 3029 334 3086 Oratore
366 3027 507 3104 poeticam
536 3032 641 3084 &mo-
720 3028 1049 3103 mutationibus,156,4
1089 3027 1208 3108 Junceps

140 3106 279 3184 ⁴dulatam
303 3106 540 3186 compositionem,
572 3104 641 3180 236,
722 3105 859 3183 exilesque
893 3107 985 3163 literas
1015 3107 1204 3183 repudiarunt,

153 3191 185 3258 ys.
201 3187 252 3246 ult.
294 3184 514 3244 &Demosthenis
529 3184 643 3243 Oratio·
699 3200 829 3243 -veteres
857 3184 1205 3261 dithyrambiei,1oo,8;

153 3286 189 3326 ne
209 3284 261 3342 pro
277 3265 390 3322 Corona
413 3265 514 3340 pulcrae
527 3283 640 3342 compo·
684 3263 793 3322 divitias
833 3265 981 3322 comitatur
1018 3265 1148 3322 vecordia
1182 3269 1210 3326 δε,

154 3344 257 3413 sitionis
278 3344 454 3420 exemplum,
472 3362 535 3419 142,
560 3363 584 3403 ι.
626 3341 643 3402 ὲ
722 3343 942 3421 intemperantia,
959 3362 1086 3419 214,14.

156 3422 349 3488 Demosthenis
382 3422 518 3498 Oratione
547 3421 643 3480 adver·
685 3420 767 3479 Dorii
777 3423 855 3486 modi
879 3424 907 3479 in
921 3422 1124 3499 Dithyranrbis,
1139 3423 1207 3501 156,

155 3501 198 3565 sus
229 3502 424 3559 Aristocratem
454 3501 620 3578 prooemium
632 3524 642 3566 ς
726 3521 751 3578 ς,
1090 3549 1091 3552 ,
1196 3525 1200 3530 ·

155 3580 193 3645 ad
208 3580 401 3640 ostendendam
423 3581 450 3637 in
464 3599 499 3637 eo
513 3580 644 3663 scriptore
683 3577 806 3655 duplices
819 3578 905 3643 literae
925 3592 1004 3657 quot,
1024 3600 1096 3657 quae,
1117 3583 1141 3643 δι
1160 3599 1208 3640 cur

157 3659 298 3746 poeticam
323 3664 347 3716 δι
370 3659 541 3717 modulatam
568 3677 645 3724 com·
722 3659 757 3716 fic
783 3658 872 3730 diuae,
899 3662 945 3737 98,
978 3679 1002 3718 1.
1044 3658 1210 3735 Duplicium

75 3749 78 3754 '
159 3738 336 3817 positionem,
358 3757 423 3813 224.
438 3755 465 3813 7.
723 3737 865 3794 literarum
879 3738 1027 3801 suavissima
1038 3737 1064 3813 ζ,
1082 3757 1147 3808 roz,
1160 3758 1188 3803 a.

120 3816 259 3878 detrailio
277 3818 345 3874 colis
375 3816 404 3874 in
431 3815 556 3874 oratione
576 3814 645 3894 saepe
685 3813 769 3875 Duris
782 3816 857 3892 quali
869 3817 926 3880 usus
937 3817 1005 3891 stylo
1022 3821 1067 3892 38,
1082 3818 1127 3876 16.

159 3896 281 3971 multum
290 3896 538 3980 affertlelegantiae,
552 3896 599 3967 66,
618 3916 645 3958 ι.
670 3894 767 3961 ,duces
780 3895 927 3971 prudentes
947 3896 1018 3953 aciei
1038 3895 1147 3954 ordines
1168 3895 1209 3952 in·

119 3975 171 4044 Dii
181 3975 273 4047 inseri,
295 3975 420 4054 364211.
724 3978 824 4037 struere
839 3987 869 4039 ut
879 3974 997 4049 soleant,
1007 3977 1053 4045 86,
1065 3978 1096 4047 pl.
1102 3975 1187 4118 Eulita

278 4087 280 4091 ·
1136 4074 1151 4114 e
1180 4070 1209 4111 ιο
