2640 4566
181 206 241 317 ²30
445 204 695 297 ,Srmours
730 203 1007 286 Bracovrr

178 355 219 427 A
229 353 312 426 verb
334 348 590 447 amplitudinem
604 353 733 425 habet:
776 351 867 424 elifio
886 355 967 425 verb
984 351 1129 436 hiatum,
1149 351 1185 426 81
1204 356 1264 432 de-

177 449 408 550 fatigationem
436 448 613 548 deignat:
648 451 833 544 antitypiam
851 453 952 538 verb,
978 451 1001 522 S
1027 450 1064 522 &
1091 453 1126 525 V
1147 454 1264 530 conso-

180 566 308 627 nantes.
436 572 438 577 '

231 647 312 745 Pag·
337 651 417 733 180,
445 649 481 734 Jl.
509 668 562 738 13.
588 646 707 728 Hornld'v
738 648 792 741 μὶν
823 638 857 717 riv
880 647 1073 743 l'lr'vrlrtg&.]
1156 674 1206 723 uae
1228 651 1264 724 ln

180 744 320 822 Pindari
359 746 425 816 ode
474 744 663 816 observavit
698 743 905 840 Dionyfius3
948 744 1068 817 eadem
1098 748 1263 824 obervari

175 843 317 947 ‘poliunt
337 842 372 915 in
397 841 453 914 illa
467 841 603 915 Horatii
632 841 711 914 Ode
736 867 794 926 12,
821 843 934 915 Carm.
959 841 1017 914 lib.
1032 853 1078 917 '12

179 986 186 995 μ
279 939 384 1037 Qem
401 943 521 1027 virum,
549 954 604 1010 aur
626 939 732 1027 heroa,
762 940 846 1032 lyrd,
872 939 1008 1013 uelacri
1187 936 1190 943 ’

179 1102 182 1106 ,
277 1036 373 1113 eilia
387 1039 495 1136 stamas
511 1037 676 1124 celebrare,
695 1039 797 1111 Clio?

281 1135 386 1234 Quam
399 1136 533 1212 Deum?
557 1140 642 1236 cujas
657 1140 773 1209 recinet
778 1138 886 1235 jocaſse

658 1235 780 1310 Nomen
803 1239 914 1333 imago.

186 1378 189 1390 ·
230 1333 306 1409 Hic
337 1330 413 1405 sunt
443 1333 514 1407 duo
541 1328 707 1420 membra,
732 1334 868 1407 duobus
890 1333 1001 1408 verbis
1021 1333 1141 1409 clausa.
1192 1333 1261 1409 Pri·

179 1458 279 1512 mum
307 1432 502 1506 membrum
543 1427 645 1504 habet
691 1430 828 1505 nomina
864 1430 1081 1530 appellativa
1103 1427 1261 1531 quinque,

179 1556 288 1604 uuum
329 1530 546 1631 adjectivum,
589 1529 834 1627 praepontiones
882 1531 979 1619 duas,
1012 1529 1185 1604 infinitum
1225 1556 1260 1603 u·

179 1654 278 1718 num,
321 1627 434 1701 omnia
468 1627 669 1728 appellativa
699 1626 821 1727 aspera.
876 1627 976 1701 'Nam
1004 1631 1126 1723 virum,
1153 1628 1260 1717 heroa,

176 1729 259 1820 lyra
283 1730 367 1812 acri,
402 1746 538 1824 propter
571 1725 725 1820 frequens
750 1728 800 1813 R,
824 1723 981 1798 caninum
1006 1727 1192 1825 quendam,
1226 1726 1260 1799 dc

178 1823 333 1921 asperum
358 1824 501 1896 sonitum
529 1822 665 1896 faciunt.
726 1822 834 1910 Tibia,
863 1840 1002 1926 propter
1025 1825 1208 1924 repetitum
1229 1826 1260 1916 Ι,

179 1939 316 1997 motum
334 1920 501 2019 fignificat.
542 1921 621 2014 Jam
645 1923 748 2015 sumes
773 1921 939 2020 ingratum
963 1940 1104 2020 propter
1120 1922 1261 2007 fibilum,

178 2018 216 2091 de
243 2023 278 2091 V
289 2020 455 2108 vocalem,
483 2019 519 2092 &
541 2021 595 2091 M
615 2019 709 2116 quod
727 2043 766 2091 os
784 2019 920 2093 claudit.
973 2019 1143 2094 Celebrare
1169 2023 1260 2111 verb,

175 2132 316 2216 propter
330 2134 461 2190 mutam
485 2117 695 2215 &liquidam
712 2117 744 2191 B
761 2119 808 2201 R,
832 2117 994 2217 aspenam.
1044 2119 1130 2208 Clio,
1160 2143 1257 2218 prop·

176 2231 230 2290 ter
249 2215 419 2290 vocalium
447 2215 656 2302 concursum,
684 2214 809 2313 ingens.
877 2216 1036 2289 Alterum
1066 2219 1257 2313 membrum

178 2314 252 2387 duo
276 2313 411 2386 nomina
436 2313 634 2388 substantiva
667 2314 783 2403 habet,
827 2340 936 2387 unum
967 2313 1143 2414 epitheton
1184 2340 1257 2390 curu

175 2410 334 2494 relativo,
359 2412 395 2483 &
421 2437 529 2484 unum
555 2415 718 2486 verbum:
760 2436 835 2511 quae
859 2413 918 2484 etsi
945 2410 991 2484 ita
1023 2411 1163 2510 grandia
1195 2439 1258 2488 non

175 2506 265 2595 sunt,
298 2522 411 2580 tamen
442 2509 597 2581 dvllorlaa
625 2509 760 2582 habent.
812 2510 898 2582 Haec
913 2503 957 2582 de
974 2509 1108 2606 singulis
1138 2512 1256 2585 verbis.

174 2605 259 2700 Jam
306 2606 495 2705 conjunctio
539 2609 720 2679 verborum
755 2608 881 2680 habent
915 2611 1112 2700 antitypiam.
1166 2609 1255 2685 Nam

175 2701 280 2801 Qem
306 2707 426 2786 virum,
466 2721 602 2802 propter
634 2708 687 2778 M
705 2704 740 2776 δι
770 2709 804 2780 V
840 2705 1068 2786 consonantes,
1110 2728 1189 2803 quae
1224 2707 1257 2779 in

176 2827 282 2876 unam
314 2801 472 2895 syllabam
499 2803 585 2874 coire
625 2829 694 2876 non
722 2802 867 2900 possunt,
906 2806 1091 2896 antimum
1121 2803 1253 2882 faciunt.

177 2901 378 3000 Conjuntlio
403 2915 476 2986 aut,
502 2899 573 2975 hiat
588 2915 726 3001 propter
740 2899 931 2975 elifionem:
968 2899 1078 2973 Heron
1093 2902 1255 3001 amplum,

87 3004 90 3009 ’
175 3013 316 3096 propter
333 2997 502 3070 vocalium
519 3000 671 3096 διαίρεσιν,
684 2997 735 3111 Ο81
761 2997 1038 3095 amplitudinem:
1089 3003 1192 3092 Lyra,
1209 2999 1259 3071 uel

173 3095 1255 3290 11111111111111111111,111

173 3290 260 3365 'tium
281 3288 450 3363 inferunt:
502 3290 567 3364 Clio
584 3291 715 3362 hiatum
730 3292 841 3364 refert.
892 3325 895 3333 ·

74 3386 76 3391 ’
271 3387 374 3487 Qem
389 3388 523 3462 Deam?
552 3388 883 3486 eujusracinetjocosa

659 3482 785 3574 Nomen
800 3489 911 3585 imago.
994 3516 997 3521 ⁴

172 3540 315 3666 Habent
344 3584 502 3657 ...tamar
529 3587 582 3655 M
598 3583 657 3656 u:
697 3584 820 3658 denae
841 3586 941 3659 M&
958 3587 1000 3673 e,
1022 3577 1140 3684 pona
1161 3589 1185 3660 a
1208 3587 1254 3670 11,

47 3753 50 3767 ,
172 3683 293 3780 posti
304 3683 340 3754 &
356 3683 592 3793 Jconsonans.
642 3684 766 3794 Nomen
792 3687 905 3781 imago,
933 3703 1073 3783 propter
1090 3685 1122 3754 Ο
1138 3685 1254 3785 repeti-

171 3797 260 3864 tum,
284 3780 320 3852 &
335 3781 373 3851 A
386 3780 624 3877 penultimum,
639 3779 854 3973 111αῆ111ᾶῖ-ἳὲιὲ
868 3782 1184 3954 ol'ibld'adimvdddreet
1196 3878 1253 3954 sui,

173 4000 323 4051 numeru
355 3973 505 4066 restituit,
551 3975 672 4050 Latine
697 3974 933 4079 interpretatus
963 3978 1025 4070 est,
1042 3976 1104 4061 '&
1128 3972 1251 4098 prou}

887 4096 891 4101 ·
1190 4098 1252 4174 qua

222 3879 305 3988 Pagt
330 3880 401 3951 ead.
433 3880 521 3950 Δεῦτ’
547 3886 580 3950 ὂν
601 3877 700 3974 χοςδν.
