2640 4566
175 185 249 266 Du
283 189 630 269 Sunucnonn
666 186 996 268 Onnntonr's.
1042 210 1122 295 153

116 334 273 401 movendae
300 336 478 402 miserationi
503 331 712 415 accorntnodo,
748 336 795 402 nb·
814 335 982 400 bominibus
1006 335 1127 422 ingenio

90 435 217 523 licioque
239 438 371 524 praeditis.
417 439 520 527 Quam
534 461 598 505 rem
626 460 689 506 non
716 439 797 504 secur
820 437 970 528 illustravit
1001 437 1130 524 Magna

90 561 109 625 r,
130 564 165 607 ao
187 543 207 609 si
233 544 368 630 quaedatn
387 547 504 630 garriret
527 544 706 623 muliercule,
726 561 776 611 aut
795 544 897 609 sraclae
914 543 1022 608 meritis
1035 542 1131 608 homo

90 646 267 723 tnviffimus3
292 647 379 732 idque
394 648 464 712 etim
481 668 545 712 retn
561 648 639 713 haud
653 648 756 712 seriam
769 660 904 733 agerent,
926 647 1003 728 joco
1017 647 1131 733 risuque

89 751 211 817 tdenres.
256 750 339 828 Quid
355 773 424 837 ergo
440 755 480 817 rei
494 752 548 837 est,
570 772 622 817 cur
644 752 783 837 generoso
804 754 955 818 videantur
975 752 1040 816 haec
1063 771 1131 828 car·¹
1161 796 1166 810 .
1238 807 1242 811 .

90 872 140 932 na,
164 853 215 917 ista
240 870 340 917 autem
365 872 541 940 nugamenta
565 855 654 938 quim
670 851 826 918 vilissrma?
859 872 1050 917 numerorum
1071 852 1129 917 sci-

90 976 118 1022 et
144 957 310 1042 pedumque
329 954 492 1023 differentia
513 957 709 1044 potissimum,
728 958 779 1023 etsi
803 978 837 1023 ea
860 979 922 1023 non
943 960 1031 1023 unice
1045 960 1130 1024 causa

135 1061 222 1126 Natn
247 1062 278 1132 in
297 1061 340 1126 his
361 1082 399 1126 ne
418 1065 514 1128 versut
527 1063 645 1149 quiden
660 1082 734 1127 unus
753 1062 801 1128 sui
822 1063 881 1127 fine
904 1062 1055 1151 dignitate,
1077 1060 1132 1128 aus

90 1166 257 1251 probandus
276 1168 429 1233 occurrit:
472 1186 501 1233 at
529 1171 602 1232 verb
623 1166 725 1231 inillis
745 1188 791 1232 ne·
807 1190 866 1234 una
879 1167 1035 1253 periodus,
1061 1151 1132 1254 qua

90 1268 261 1335 noffendtt.
307 1270 501 1359 crinitaque
520 1276 582 1356 jam
607 1272 735 1356 exposui,
760 1291 898 1359 quantam
918 1274 981 1359 vim
1002 1273 1130 1338 babeant

101 1373 277 1461 potestatem
299 1379 425 1456 numeri,
448 1378 483 1443 ad
496 1378 604 1462 reliqua
620 1373 743 1442 dicenda
759 1397 807 1441 rne
820 1378 982 1442 conseram.

90 1542 146 1612 lllnc
172 1547 276 1625 εἴρηκε»,
298 1549 328 1612 ὦς
359 1548 411 1607 tlntl
432 1552 564 1622 γυναικῶν.
606 1546 687 1629 Qsld
702 1548 721 1606 fi
737 1547 855 1608 τοιαῦταί
868 1554 927 1616 iste,
952 1561 1001 1606 aut
1020 1548 1128 1626 aliquid·

90 1623 159 1703 larg.
351 1657 355 1664 ·
604 1628 735 1705 ejusmodi
750 1628 832 1697 aliud,
844 1627 902 1703 poll
915 1629 1029 1686 verbum
1041 1627 1125 1706 cignea

90 1694 152 1761 bid.
172 1703 220 1770 Ὦς
238 1703 290 1783 ri]
312 1704 441 1765 Posterior
456 1707 565 1782 Sylbur-
605 1706 795 1786 subintelligis,
806 1705 880 1764 nulli
890 1723 956 1784 opus
968 1706 1125 1766 eritcmcu·

101 1783 260 1843 emendatio
271 1783 377 1842 videtur
387 1785 564 1863 praeferenda.
605 1789 723 1846 datione.

309 2028 327 2054 ²
385 2018 638 2107 SECTIO
687 2035 791 2107 XIX.

90 2168 183 2267 rt‘but
199 2168 455 2253 mutationibus
482 2168 690 2278 illustranda
700 2167 750 2275 fit
768 2169 911 2248 oratio:
938 2133 1029 2246 ‘sum
1044 2193 1125 2278 quoe

219 2279 327 2379 dioro
345 2281 632 2390 praestuntr'ffima
658 2277 787 2362 haberi
812 2277 943 2399 debeat.
1121 2374 1129 2385 ν

90 2483 233 2553 *RAT
253 2505 352 2554 autem
379 2489 452 2553 mihi
477 2488 675 2572 Permutatio,
694 2507 731 2554 ex
754 2487 789 2551 iis
816 2504 884 2572 quae
897 2484 1028 2570 pulcram
1047 2505 1122 2552 cort·

90 2610 121 2658 A
170 2589 321 2658 stituerent
348 2596 486 2660 orationis
513 2593 699 2678 slmiluranr,
727 2593 811 2658 tertio
830 2590 976 2676 propofita
994 2591 1123 2676 disputa·

90 2747 92 2757 .
135 2691 215 2759 Non
237 2711 336 2761 tamen
368 2690 634 2762 commutationem
665 2714 702 2761 ex
723 2693 892 2761 melioribus
924 2696 955 2758 in
976 2692 1124 2758 deteriora

90 2810 149 2865 tom
168 2802 251 2884 dico,
272 2799 314 2882 (id
336 2804 418 2867 enirn
439 2801 511 2868 sttui
524 2802 654 2868 hominio
681 2799 753 2868 effer
763 2801 789 2880 ς)
810 2819 869 2864 nec
889 2802 964 2883 verb
984 2800 1017 2864 in
1037 2800 1124 2867 neu-

90 2919 151 2964 :ex
170 2899 388 2988 deterioribus3
426 2901 473 2968 sed
503 2923 609 2969 eorum
641 2923 711 2990 quae
744 2903 811 2966 sunt
838 2900 968 2981 ejusdem
997 2902 1124 2985 generis,

91 3003 220 3070 ietntem.
263 3004 349 3069 Nam
385 3022 415 3072 et
450 3007 549 3092 pulcra
581 3009 693 3094 omnio,
718 3002 972 3095 quenadmodum
1008 3006 1044 3072 &
1072 3006 1124 3088 iu·

90 3108 150 3187 tda,
189 3104 264 3173 crim
298 3107 402 3175 eadem
438 3114 580 3196 perpetuo
606 3109 686 3188 lint,
722 3109 882 3176 sotietatem
902 3106 1047 3175 afferunt:
1078 3109 1124 3177 sat

90 3217 146 3280 brit
170 3216 381 3281 mutationibus
401 3217 519 3296 variata,
542 3233 680 3301 tanquam
706 3215 850 3282 nova&
885 3217 1016 3282 recentia
1045 3214 1122 3282 sem·

90 3334 238 3385 ’manenn
281 3318 349 3401 Jam
363 3322 437 3384 verb
461 3321 590 3384 carmina
611 3321 647 3387 &
666 3319 765 3387 versor
788 3317 912 3404 Lyricor
932 3319 1123 3387 scribentibus

90 3424 218 3490 nornnia
246 3421 314 3488 licet
340 3436 518 3507 permutare,
547 3442 604 3488 nec
626 3425 658 3488 in
678 3424 825 3506 omnibus,
843 3438 894 3488 aut
912 3423 1006 3488 etiam
1024 3442 1124 3520 quanf

424 3546 428 3553 '
1051 3537 1121 3594 tum

90 3692 255 3767 eposrtionem
277 3703 297 3755 ir
317 3717 350 3754 ex
363 3697 489 3755 hocloco
510 3698 558 3755 tol·
598 3695 686 3754 duxit.
707 3712 789 3771 quem
801 3693 963 3773 particulam
977 3698 1120 3757 contextui

92 3775 150 3829 darn
163 3773 224 3830 esse.
266 3777 363 3850 Neque
378 3776 453 3833 eninr
469 3774 558 3834 sensus
599 3775 679 3852 paulo
691 3774 759 3854 post,
778 3788 842 3833 ante
862 3772 961 3834 rinnon
978 3775 1058 3854 liquit
1077 3775 1122 3834 itt·

90 3891 92 3906 .
106 3853 130 3905 ir
141 3849 283 3926 quibuspiam
292 3851 372 3912 rebus.
413 3855 493 3912 Error
505 3852 560 3910 sor·
600 3853 678 3924 serat,
696 3851 772 3912 haud
784 3849 869 3922 mall,
882 3865 994 3930 utputo,
1006 3852 1118 3916 iecerit:

90 3925 110 3999 le
130 3947 162 3988 ert
184 3928 311 4020 superiori
337 3937 357 3992 ll
382 3938 442 3998 ταῖς
463 3946 559 3995 ortum
599 3928 652 3993 noe
665 3927 795 4006 motioni
817 3931 853 3991 ἐκ
872 3936 895 3994 ir
912 3929 1026 4000 draco,

1029 4050 1118 4125 3'1'01'5
