2640 4566
314 99 596 185 Exnmonn
629 101 879 183 Leonum·
945 164 950 173 .
1038 125 1133 210 ·37

53 253 103 341 ti,
120 250 368 348 neqeecriminis
383 250 483 345 causeo.
533 250 613 323 Post
635 250 867 323 hexametrum
883 247 1063 344 integrum,
1088 248 1137 320 la·

53 348 185 423 tentem
204 362 318 422 tamen
338 349 383 421 ob
398 347 677 447 compositionem
695 347 818 421 solam:
844 369 922 418 nam
939 344 1135 417 cum'dixis·

52 447 115 535 set,
138 445 228 520 Unde
242 449 348 543 igitur
357 447 468 539 potiris
483 448 642 544 iminium,
667 447 757 541 qnam
779 443 820 514 ab
843 446 1048 530 incivitate,
1071 462 1136 537 qua

51 545 117 619 titt
131 568 195 617 una
210 547 244 616 in
256 568 375 633 onore,
399 558 489 639 atquc
504 548 538 616 in

101 638 349 736 Deliciis'fuit?
372 655 426 712 ant
443 665 481 714 en
496 663 552 737 qno
562 645 671 734 potins
686 664 827 728 nurnero,
843 637 934 735 quim
950 663 987 710 ex

52 741 132 853 ipsts
140 738 369 823 laudatoribus.
411 740 485 839 jain
506 742 590 814 vero
616 740 650 813 in
667 739 867 812 Milonianae
884 735 1037 810 orationis
1061 759 1137 832 per·

54 831 219 925 oratione2
244 864 315 935 cap.
345 858 403 932 35,
448 837 563 910 finilia
594 835 759 910 observari
795 828 936 934 poliunt.
987 834 1138 931 primum

53 936 103 1109 {st
131 937 365 1041 hexametrum
409 960 543 1009 carmen
573 935 756 1035 integrum,
789 937 867 1008 cium
893 933 936 1007 fic
961 935 1020 1020 ait,
1061 927 1138 1026 Effe

78 1057 162 1122 ann·
481 1104 485 1111 .

106 1134 223 1215 Unam,
247 1156 314 1228 qne
328 1128 513 1204 brevitatem
528 1126 606 1203 vitae
614 1124 807 1227 posteritatis

55 1228 208 1305 nonaria
225 1226 434 1325 consolaretur.
484 1245 519 1302 et
534 1229 656 1302 deinde
673 1229 911 1326 subsequuntur
927 1230 1039 1304 versus
1055 1229 1139 1302 hex-

56 1326 178 1405 ametri
206 1324 373 1423 spondaici
386 1358 398 1410 ς
434 1344 472 1401 ut
496 1326 576 1399 cum
591 1327 686 1414 dicit,
722 1330 775 1401 Dc
801 1351 859 1408 me,
886 1331 1001 1422 inquit,
1017 1330 1142 1422 sempor

51 1425 184 1601 {opalus
201 1428 374 1514 Romanas,
391 1425 515 1520 semper
531 1427 551 1468 ⁴*
566 1420 681 1498 Omnes
690 1441 797 1521 gentes
814 1425 982 1522 loquentur.
1009 1427 1044 1499 &
1066 1427 1141 1526 post

71 1552 117 1614 ic,
179 1549 250 1598 uam
1056 1572 1064 1581 -

108 1523 202 1696 Εὲε
218 1623 344 1717 imperii
353 1617 463 1713 populi
479 1620 617 1693 Romani
624 1622 716 1716 sum,

58 1745 96 1794 eo
111 1744 170 1795 non
177 1719 281 1817 solnm
288 1720 387 1813 saraa
402 1719 476 1812 joon
492 1717 529 1790 de
546 1718 610 1806 ttto,
628 1719 692 1794 &c
741 1716 778 1790 δι
806 1722 919 1818 paullo
948 1718 1036 1818 post,
1064 1721 1143 1792 ooo·

30 1888 34 1894 .
58 1819 153 1892 nibus
174 1821 333 1903 interris,
360 1815 480 1911 &jora
497 1817 654 1911 uersatur,
673 1817 716 1893 δέ
724 1818 854 1914 sempor:
905 1818 961 1891 sed
977 1819 1009 1889 in
1026 1817 1145 1914 quinto

62 1916 137 1990 vice
167 1915 291 2012 dactyli
319 1912 488 1988 Creticum
516 1914 627 1990 habet.
678 1915 806 1990 Rursus
828 1916 1146 2009 hendecasyllabum

62 2016 221 2131 semnion,
246 2039 314 2085 uno
336 2016 469 2085 tantum
486 2032 638 2110 tempore
654 2013 797 2112 longius,
837 2013 909 2102 Sed,
933 2037 989 2110 quo
1019 2014 1059 2105 ost
1089 2012 1147 2086 ttto

60 2138 162 2219 magn
180 2113 290 2184 divina
305 2115 439 2182 virtus:
465 2109 538 2208 post
555 2111 680 2207 paullo,
698 2113 895 2209 acephalum
911 2114 1148 2187 hexametrum

61 2190 227 2307 Qollom
250 2231 304 2302 ego
328 2212 450 2298 concepi
475 2223 595 2280 tanturn
616 2207 742 2304 scelus?
769 2226 825 2280 aat
838 2209 997 2305 qnodss-in
1012 2234 1059 2281 nae
1075 2224 1148 2279 tan·
1173 2301 1177 2307 Ι

62 2312 270 2407 tumsocinus
290 2303 446 2398 adrnifil'
472 2305 579 2377 rursus
611 2309 681 2379 duo
708 2307 790 2401 fines
818 2308 1014 2396 hexametri,
1040 2307 1149 2402 Meos-

62 2431 119 2503 qnc
144 2403 318 2480 redundant
332 2403 373 2490 †.
423 2401 470 2488 ὅτ,
498 2403 553 2475 En
571 2401 722 2498 istofootc
737 2405 863 2479 dolores.
915 2406 1001 2479 Non
1027 2404 1150 2479 vitavit

64 2502 177 2604 itaque
214 2504 331 2576 Cicero
369 2501 527 2588 carmina,
551 2501 621 2573 imo
647 2502 1002 2585 studiose.accers1vit;
1042 2519 1080 2575 ut
1104 2526 1148 2577 ex

66 2603 184 2677 multis
216 2601 286 2675 aliis
318 2598 396 2673 locis
426 2598 539 2697 colligi
569 2600 682 2696 pollet.
742 2600 795 2675 Ut
823 2600 862 2673 ὅτ
887 2601 973 2675 illud
996 2601 1040 2676 ed
1062 2599 1149 2675 Var-

65 2726 196 2788 ronem,
222 2701 342 2772 Latent
357 2698 417 2789 isto
432 2703 547 2784 omnia,
573 2701 691 2787 Varro,
1178 2723 1181 2727 ·

118 2802 254 2896 Magnis
270 2797 443 2893 obscurato,
470 2795 512 2870 ct
529 2797 713 2894 circumfusa
727 2795 868 2875 tenebris.
895 2795 934 2868 &
950 2793 985 2867 in
1001 2796 1151 2870 Verrinie

66 2896 210 2997 plenum
240 2896 372 2970 versum
397 2918 463 2967 una
490 2893 611 2988 syllaba
639 2894 791 2968 inutilem
818 2893 918 2978 ludit,
947 2895 1026 2966 Cam
1051 2894 1149 2990 loque-

69 3020 136 3084 rer,
162 2999 248 3066 tanti
277 2995 375 3086 fletus
405 2992 592 3087 gemitusque
622 2990 752 3082 fiebant.
803 2993 878 3065 Nec
903 2992 1005 3065 finem
1029 2991 1151 3064 vitavit

66 3092 166 3192 elegi,
192 3091 314 3166 Oderat
338 3089 390 3163 ttte
412 3091 512 3163 bonos.
556 3089 692 3163 incurrit
725 3089 827 3162 etiam
864 3091 898 3162 in
935 3084 1151 3184 hendecasyl-

67 3186 195 3273 labum,
224 3185 360 3281 Sacceffit
386 3187 447 3261 tibi
470 3186 590 3259 Lacca
614 3187 776 3261 Metellus.
827 3189 863 3260 &
878 3189 992 3260 multis
1010 3189 1078 3260 aliis
1099 3190 1153 3260 lo·

68 3289 115 3367 cis
137 3288 268 3386 probari
292 3286 397 3385 pollet
437 3285 634 3358 Ciceronem
668 3287 779 3358 versus
810 3312 879 3358 non
907 3286 1030 3358 vitasse.
1082 3284 1154 3358 Alii

68 3411 204 3485 quoque
221 3386 375 3459 authores
405 3382 519 3455 Latini
545 3383 613 3455 effu
641 3409 694 3457 ere
720 3411 788 3455 non
806 3405 981 3481 poterant:
1007 3381 1152 3455 Sallusti·

69 3509 110 3555 us
134 3487 176 3556 ab
193 3485 388 3557 hexametro
421 3480 535 3579 incipit
565 3408 690 3552 bellum
713 3480 980 3578 Jugurthinum:
1032 3479 1153 3552 Bellum

61 3585 246 3683 scripturus
252 3581 335 3676 stom,
361 3577 582 3678 quodpopnlns
597 3578 769 3651 Romanus.
808 3581 844 3650 &
860 3578 987 3661 Plinius
1002 3577 1154 3676 Panegy-

70 3777 133 3917 Διῒ
154 3778 195 3836 At
216 3796 283 3838 vera
302 3775 385 3853 lestio
405 3776 453 3848 eo,
474 3793 554 3833 cronos
576 3777 606 3833 in
618 3794 657 3833 ne
677 3773 786 3851 mersam
808 3773 951 3834 redundant
974 3778 1093 3851 exfonte
1105 3770 1153 3830 illo

89 3878 101 3914 θ
114 3878 177 3919 0785.
499 3897 502 3901 -

530 3972 534 3977 ·
659 3929 696 4020 X
1046 3927 1154 4005 ticum
